2720 3402
2253 0 2301 17 w-

2535 0 2661 79 ’'t's!
2695 0 2720 73 «Ι

2625 81 2650 93 ,.

2435 108 2572 174 35

181 244 230 290 in
272 245 395 291 hunc
436 245 782 308 promptissimi⁸
815 248 983 310 quique
1023 257 1160 312 atque
1201 251 1416 298 fidissimi
1456 253 1566 300 lecti
1607 270 1634 301 a
1674 253 1888 316 principe
1923 259 2106 310 essent,
2152 253 2333 315 sperari
2365 252 2532 315 potuit,

180 316 299 373 fore,
326 324 377 363 ut
403 325 451 364 et
475 319 525 363 in
549 325 714 364 senatu
737 326 784 365 et
806 319 854 366 in
880 323 1068 369 summis
1094 323 1438 386 magistratibus
1463 340 1635 371 novum
1660 341 1809 388 genus
1833 326 2128 389 principique
2155 325 2362 371 deditum
2389 332 2532 371 esset.

179 389 338 446 Haec,
384 391 434 436 ni
475 392 637 448 fallor,
686 392 883 454 Augusti
927 395 1119 441 consilia
1160 404 1316 442 erant:
1365 398 1503 454 haec,
1551 399 1760 460 quamvis
1804 399 2141 462 circumspecte
2183 398 2531 461 paullatimque‚

180 463 335 524 coepit
360 465 604 525 perficere,
636 480 730 510 non
755 481 840 511 suo
868 474 1058 526 tantum,
1091 470 1176 515 sed
1201 475 1416 529 tanquam
1443 471 1663 516 duraturo
1696 488 1785 533 per
1812 473 2002 533 lon-gum
2034 479 2222 535 tempus
2248 471 2531 533 principatui

175 536 494 596 prospiciens:
526 553 627 582 rem
652 537 910 585 inchoatam
943 541 1287 587 successoribus
1320 543 1632 602 peragendam
1661 543 1864 602 reliquit,
1898 545 2165 604 addiditque
2191 542 2530 605 praecepta‚⁸²)

175 622 369 667 quorum
401 609 623 656 nonnulla
656 618 862 658 secutum
896 629 1000 660 esse
1026 613 1268 660 Tiberium
1300 612 1517 660 invenio:
1552 614 1801 675 proventui
1827 615 1898 661 rei
1930 623 1977 661 et
2008 616 2232 677 ingruens·
2261 617 2408 662 rebus
2432 615 2531 661 Ro-

175 679 323 726 manis
356 679 529 739 fatum,
571 688 619 729 et
652 683 875 732 dissimile
908 686 1197 747 sequentium
1229 686 1561 748 imperatorum
1594 686 1830 748 ingenium
1863 687 2055 745 obstitit.

1048 1069 1399 1139 Liber
1480 1069 1639 1138 IV.

497 1182 811 1248 Ordinis
864 1191 1252 1271 equestris
1311 1207 1629 1249 occasus
1685 1190 1756 1249 et
1808 1191 2197 1251 interitus,

567 1522 590 1541 0
1191 1484 1384 1547 cap.
1443 1483 1503 1536 1.

984 1593 1110 1642 Ius
1182 1594 1396 1643 anuli
1467 1594 1705 1643 aurei.

174 1708 213 1754 1.
242 1684 501 1766 Quomodo
529 1704 729 1765 dignitas
756 1704 987 1765 equestris
1013 1720 1040 1750 a
1065 1706 1272 1766 patriciis
1300 1706 1359 1751 ad
1385 1705 1706 1766 duodeviginti
1733 1704 1964 1751 centurias
1991 1706 2211 1767 equitum,
2238 1713 2334 1753 tum
2362 1708 2417 1752 ab
2446 1705 2520 1751 his

166 1781 224 1825 ad
258 1780 467 1825 ordinem
500 1784 763 1839 equestrem
796 1777 1161 1839 publicanosque
1193 1768 1486 1839 perven'erit,
1529 1785 1578 1823 et
1602 1779 1833 1839 quomodo
1866 1779 1942 1823 hic
1974 1787 2083 1840 post
2115 1779 2382 1824 diuturnum
2415 1793 2532 1825 cum.

167 1859 330 1897 senatu
364 1850 606 1896 dissidium
648 1866 795 1895 novas
828 1852 914 1895 sub
946 1852 1159 1910 Augusto
1192 1849 1372 1910 ceperit
1404 1850 1554 1906 vires,
1604 1850 1837 1911 prioribus
1871 1851 2002 1896 libris
2036 1853 2399 1897 demonstratum
2433 1859 2520 1896 est.

165 1923 365 1985 Augusti
395 1922 607 1968 instituta
639 1938 725 1982 per
757 1922 900 1967 breve
934 1927 1118 1982 tempus
1152 1922 1405 1978 duravere,
1437 1938 1670 1981 ruensque
1704 1922 1752 1967 in
1785 1923 1992 1968 deterius
2025 1925 2231 1970 seculum
2266 1923 2401 1969 unius
2434 1924 2519 1967 ho-

166 1996 303 2043 minis
336 1993 564 2056 sapientia
597 1993 812 2054 superius
841 1998 952 2038 erat.
1001 1993 1102 2039 Nec
1128 1993 1301 2039 diutius
1333 1993 1560 2040 mansisse
1594 1994 1763 2040 ceteris
1797 2010 1853 2040 ea
1885 1994 2089 2051 invenio,
2123 2010 2240 2055 quae
2273 1995 2332 2040 ad
2358 1994 2517 2055 splen-

164 2070 325 2115 dorem
359 2067 564 2127 equitum
596 2066 912 2111 renovandum
940 2064 1286 2125 pertinuerunt:
1320 2081 1456 2124 quem
1481 2065 1711 2125 principio
1739 2065 2010 2110 libertorum
2044 2081 2258 2111 crescens
2290 2066 2516 2126 potentia,

165 2157 274 2188 mox
301 2145 476 2186 mutata
506 2137 655 2184 forma
681 2135 865 2198 imperii
890 2135 1088 2182 Romani
1113 2135 1351 2182 exstinxit.
1401 2135 1497 2182 Sed
1523 2135 1789 2197 priusquam
1817 2136 1875 2182 ad
1907 2136 2164 2183 novissima
2190 2137 2306 2183 haec
2336 2136 2515 2184 ordinis

165 2215 259 2259 sata
291 2219 547 2268 transeam,
579 2210 709 2256 iuvat
739 2208 874 2254 brevi
906 2208 1061 2254 dicere
1093 2209 1152 2253 de
1186 2210 1425 2254 anulorum
1458 2223 1701 2253 aureorum
1735 2208 1861 2264 iure,
1895 2209 2044 2268 quod,
2083 2209 2379 2256 coniunctum
2412 2224 2517 2261 cum

166 2285 370 2346 equestri
398 2284 576 2338 ordine,
610 2283 811 2337 easdem,
844 2297 957 2341 quas
983 2281 1081 2336 ille,
1111 2281 1389 2325 mutationes
1414 2279 1589 2335 habuit,
1623 2295 1853 2339 quumque
1883 2280 2139 2326 diversum.
2155 2287 2284 2326 esset
2316 2281 2517 2326 diversis

208 2498 325 2525 auctor
348 2496 400 2523 est
423 2491 498 2523 Liv.
521 2490 562 2529 2,
594 2492 621 2523 Ι.
656 2471 758 2521 'ldem
781 2490 834 2527 42,
856 2487 919 2521 612
951 2484 1092 2529 Equites
1116 2486 1205 2519 enim
1233 2486 1297 2519 illis
1336 2486 1340 2571 Ι
1380 2487 1424 2523 ⁸¹)
1449 2484 1515 2517 Dio
1535 2486 1590 2524 56,
1613 2484 1666 2518 33.
1700 2485 1917 2528 Ἐσεκομίσθη
1940 2486 1978 2519 δὲ
1999 2485 2054 2518 καὶ
2075 2488 2189 2527 βιβλία
2210 2489 2370 2530 τέσσαρα·
2391 2504 2436 2511 —-
2456 2488 2513 2519 καὶ

207 2535 376 2611 principes
406 2532 608 2571 iuventutis,
639 2530 769 2573 equites
792 2529 1005 2562 seminarium
1023 2533 1187 2564 senatus:
1218 2529 1296 2560 inde
1422 2527 1459 2559 τὸ
1480 2529 1649 2572 τέταρτον,
1683 2528 1813 2562 ἐντολὰς
1832 2529 1890 2560 καὶ
1920 2530 2110 2570 ἐπισκήψεις
2142 2530 2188 2573 τῷ
2211 2532 2355 2573 Τιβερίῳ
2382 2529 2438 2560 καὶ
2469 2529 2514 2573 τῷ

221 2583 316 2611 ectos
346 2577 379 2610 in
410 2581 541 2618 patrum
567 2585 741 2607 numerum
765 2573 943 2614 consules,
975 2572 1055 2606 inde
1075 2571 1297 2615 imperatores
1420 2570 1536 2614 κοινῷ,
1561 2569 1659 2606 ἄλλας
1680 2582 1713 2604 τε
1735 2572 1791 2604 καὶ
1815 2570 1903 2607 ὅπως
1924 2572 1996 2612 μηι’
2020 2573 2260 2617 ἀπελευθερῶσι
2280 2572 2433 2611 πολλοὺς,
2455 2575 2512 2606 ἵνα

208 2625 334 2653 creant.
379 2617 552 2659 Lamprid.
574 2617 670 2649 Alex.
694 2618 776 2649 Sev.
803 2615 853 2648 19.
899 2615 992 2648 Idem
1014 2615 1188 2648 libertinos
1214 2624 1294 2646 nun·
1334 2572 1340 2693 Ι
1419 2614 1466 2657 μῆ
1486 2614 1702 2645 παντοδαποῦ
1722 2614 1820 2656 ὄχλου
1842 2615 1900 2654 τῆν
1920 2616 2015 2647 πόλιν
2029 2616 2240 2660 maedewan·
2260 2616 2334 2658 μητ·
2349 2612 2397 2647 αιῖ
2407 2616 2441 2650 ἐς
2455 2617 2513 2655 τήν

206 2673 304 2707 quam
328 2663 361 2695 in
384 2665 576 2703 equestrem
599 2660 710 2692 locum
731 2659 873 2703 redegit,
895 2669 1063 2699 asserens,
1086 2658 1295 2691 seminarium
1420 2656 1587 2689 πολιτείαν
1609 2656 1747 2711 aegiso&
1770 2658 1991 2703 ἰσγράφωσιν,
2026 2660 2084 2691 ἵνα
2104 2658 2186 2691 πολεῖ
2206 2657 2242 2690 τὰ
2264 2659 2432 2705 διάφορον
2452 2658 2512 2691 αό-

1420 2701 1489 2734 tois·
1518 2711 1543 2731 π
1566 2700 1600 2734 ὃς
1630 2711 1704 2734 τους
1733 2700 1894 2741 ὑπηκόους
1923 2700 1964 2747 ᾖ,
1996 2713 2025 2734 κ.
2048 2714 2074 2734 τ.
2096 2703 2123 2733 λ.
2174 2700 2252 2732 Tac.
2277 2701 2363 2733 Anu.
2391 2701 2429 2741 1,
2462 2701 2511 2733 11.

205 2753 321 2797 Μυρία
343 2749 380 2783 δὲ
403 2748 568 2794 εὑρίσκειν
593 2745 793 2789 (Caligula)
821 2745 879 2778 καὶ
898 2745 982 2778 κατὰ
1002 2747 1068 2779 τῶν
1088 2746 1213 2778 ἱππέων
1232 2744 1296 2788 μὲν
1420 2742 1514 2776 Suet.
1574 2747 1617 2776 ct.
1645 2745 1717 2778 101.
1757 2743 1872 2777 iuliani
1894 2743 1992 2777 caes.
2016 2755 2049 2787 p.
2073 2743 2137 2778 326
2160 2743 2196 2777 C.
2222 2743 2350 2785 Spanh.
2389 2744 2512 2778 Exsta.

205 2795 425 2838 ²“³·⁰⁰·¹¹‘¹V“Wt
450 2792 607 2835 d3“¹5f⁴“'‘
625 2791 667 2822 ’δὲ
689 2790 746 2821 ’‘“3
761 2790 898 2833 deW‘
914 2791 1099 2835 ,79quth
1112 2788 1212 2832 ὅμοια
1228 2790 1294 2822 τοῖς
1418 2785 1500 2817 bant
1548 2791 1706 2819 taeter-ea
1728 2787 1898 2819 orationes
1920 2789 1973 2819 Au
2020 2788 2080 2826 sti,
2107 2797 2203 2828 quae,
2227 2786 2349 2819 tabulis
2372 2788 2511 2827 incisae,

156 2845 170 2858 -“
205 2838 427 2882 συγκλητικοῖς
447 2835 512 2868 ὑπό
533 2835 586 2875 τῆς
607 2836 730 2869 πόλεως
752 2833 948 2877 ἀγομένων,
980 2832 1038 2865 διαὶ
1058 2832 1095 2866 τό
1118 2834 1153 2866 ἐκ
1175 2833 1295 2865 τούτων
1331 2829 1337 2913 Ι
1420 2839 1462 2861 ex
1483 2830 1508 2862 S
1539 2834 1576 2863 to
1600 2831 1782 2873 quotannis
1803 2830 1966 2864 Kalendis
1999 2830 2145 2863 ammas
2168 2829 2409 2864 recitabuntur.
2444 2831 2511 2864 Dio

205 2884 251 2916 εἰς
273 2882 329 2921 τὴν
348 2879 466 2923 βουλὴν
488 2879 571 2911 εἶναι
592 2878 809 2916 κατακλήσεις.
1417 2873 1474 2911 60,
1500 2872 1550 2904 10.

205 2712 399 2740 senatorum
416 2709 607 2747 equestrem
621 2703 731 2735 locum
748 2714 834 2734 esse.
859 2701 995 2744 loseph.
1007 2701 1142 2745 Antiqq.
1159 2700 1209 2741 19,
1223 2700 1253 2741 l,
1267 2702 1293 2734 Ι.
