2720 3402
197 256 355 313 donet,
386 256 485 303 vel
517 261 578 302 ut
612 255 918 315 equestris
952 257 1187 303 ordinis
1221 257 1398 302 fiat=“
1465 255 1694 316 Ulpianus
1725 254 1772 311 7,
1818 255 1842 300 l
1879 255 2074 302 eandem
2107 259 2259 318 legem
2293 257 2357 304 ita
2389 274 2555 305 conce-

197 329 346 391 peritz
375 329 696 386 „Concessum
729 333 804 375 est
836 328 1037 387 mulieri,
1070 330 1119 377 in
1145 331 1233 377 hoc
1265 328 1439 374 donare
1472 326 1575 374 viro
1603 342 1704 383 suo,
1739 333 1790 373 ut
1815 325 1856 373 is
1889 327 1947 373 ab
1978 326 2261 389 imperatore
2294 331 2389 378 lato
2422 333 2554 378 clavo

197 403 293 447 vel
337 417 484 462 equo
516 401 762 462 publico
796 401 1152 449 honoretur:
1194 401 1301 446 inde
1336 399 1499 456 etiam,
1545 415 1662 459 quae
1695 399 1952 445 Dositheus
1986 401 2176 462 scripsit
2207 403 2238 447 l.
2271 404 2329 449 1.:
2363 415 2425 452 Δι’
2460 412 2555 453 ἐπι-

136 478 140 480 ’
195 474 390 514 στολιδίου
425 473 627 520 αἰτοῦντος
661 487 789 520 τινος,
827 474 933 514 εἶναι
970 472 1074 528 αὐτῷ
1105 474 1339 527 περιουσίαν
1375 470 1596 524 ἱππικῆς
1631 470 1798 520 α’ξίας,
1837 470 1941 512 ἀλλ’
1977 473 2063 513 ὅτε
2101 477 2271 514 ἵππον
2303 474 2556 528 δημόσιον

194 544 377 599 ᾐτεῖτο,
417 545 797 598 παραλελειμμένου
838 545 959 584 αὖτόν
991 547 1113 584 εἶναι·
1156 534 1320 594 quibus
1357 533 1470 578 iocis
1504 534 1705 595 dignitas
1739 534 1969 594 equestris
2006 537 2062 580 ab
2095 536 2273 580 honore
2317 537 2425 598 equi
2465 552 2555 599 pu-

197 608 303 654 blici
336 625 430 655 non
462 608 780 668 distinguitur.
833 610 963 655 Idem
996 609 1245 654 tenendum
1279 607 1328 652 in
1360 607 1499 652 huius
1533 607 1639 652 aevi
1673 606 1994 667 scriptoribus.
2044 607 2162 652 Nam
2194 608 2378 663 Livius,
2411 625 2554 668 quan-

193 696 330 740 quam
372 686 421 725 et
462 679 506 725 is
548 695 876 740 nonnunquam
921 679 1094 725 ordinis
1127 678 1314 724 nomine
1347 677 1568 738 intelligit
1600 676 1806 738 equitum
1839 684 2039 734 turmas,
2062 678 2123 738 33)
2165 684 2320 725 tamen
2351 679 2401 725 id
2442 680 2554 726 facit

192 752 404 798 scribens
438 752 498 798 de
532 753 674 798 rebus
708 758 814 798 ante
849 751 1124 806 Gracchum,
1159 750 1208 797 in
1241 750 1423 811 quibus,
1457 748 1567 811 quid
1600 748 1716 795 ordo
1750 748 2047 811 significaret,
2081 749 2270 796 dubium
2304 766 2397 798 non
2430 758 2552 809 erat3

194 840 284 869 nec
316 824 423 869 fieri
456 824 610 885 potuit
630 858 642 879 ,
674 830 728 868 ut
760 825 818 868 de
853 825 937 868 hac
968 838 1020 867 re
1053 821 1219 866 incerti
1252 828 1425 877 essent,
1459 820 1538 881 qui
1569 821 1768 866 florente
1802 821 1965 866 ordine
1999 821 2230 868 viverent.
2253 822 2314 884 ³⁴)
2379 823 2553 869 Contra

192 896 272 957 qui
304 895 551 941 Hadriano
584 895 871 957 posteriores
905 899 1036 949 sunt,
1069 893 1161 938 Dio
1197 893 1410 949 Cassius,
1452 890 1779 948 HerodianuS,
1813 891 2128 954 historiaeque
2161 894 2401 955 Augustae
2435 895 2550 940 scri-

193 976 379 1029 ptoreS,
430 982 570 1027 quum
613 968 671 1012 de
720 983 802 1012 sua
850 973 999 1012 aetate
1044 972 1209 1026 agunt,
1259 965 1468 1011 ordinem
1515 963 1784 1025 intelligunt
1825 978 1954 1020 eum,
2004 964 2082 1025 qui
2124 971 2222 1010 tum
2270 966 2398 1011 solus
2447 967 2550 1023 fuit,

193 1040 401 1098 equitum
435 1055 554 1097 equo
588 1039 798 1098 public03
832 1054 990 1097 quum,
1025 1038 1237 1097 antiquas
1270 1053 1346 1082 res
1378 1043 1730 1097 persequenteS,
1764 1037 1820 1081 ab
1854 1037 2017 1084 harum
2050 1037 2315 1082 auctoribus
2349 1054 2551 1084 comme-

192 1117 420 1157 moratum
462 1109 676 1155 ordinem
719 1109 1020 1164 invenerunt,
1074 1123 1168 1154 non
1203 1107 1439 1154 diversum
1482 1108 1603 1153 hunc
1645 1108 1702 1153 ab
1736 1122 1819 1163 eo,
1861 1122 1997 1168 quem
2030 1107 2123 1170 ipsi
2165 1107 2402 1170 viderant,
2445 1111 2548 1167 rati,

191 1185 358 1229 eodem
392 1181 578 1227 nomine
612 1190 855 1243 repetunt3
905 1181 1151 1226 maximum
1187 1196 1303 1226 vero
1357 1180 1592 1242 negotium
1634 1180 1897 1241 legentibus
1932 1180 2178 1238 exhibent,
2225 1197 2364 1243 quum
2395 1183 2548 1231 minus

191 1257 441 1316 diligenter
482 1261 698 1299 auctores
742 1271 852 1299 suos
895 1254 1186 1309 exscribunt,
1231 1255 1290 1298 de
1325 1254 1488 1298 ordine
1523 1252 1755 1308 dicentes,
1806 1253 1884 1297 ubi
1915 1253 1985 1297 illi
2018 1255 2077 1298 de
2121 1255 2351 1314 equitibus
2395 1272 2467 1316 eq.
2501 1273 2547 1317 p.

188 1328 330 1378 locuti
365 1332 521 1381 erant,
572 1332 650 1372 aut
683 1326 860 1372 ordinis
887 1342 1062 1376 ,nomen
1106 1318 1421 1386 negligentius
1464 1323 1907 1387 praetermittentes.
1981 1324 2075 1372 His
2108 1324 2249 1383 locis,
2301 1343 2417 1388 quae
2463 1346 2546 1375 ve—

188 1410 339 1446 terum
384 1397 571 1443 traditio
606 1397 773 1454 suerit,
819 1397 1147 1442 difficillimum
1182 1413 1325 1459 saepe
1358 1396 1554 1442 inventu
1588 1402 1674 1441 est.
1696 1395 1757 1457 ³⁵)

191 1588 238 1630 ³³)
262 1585 337 1620 Liv.
361 1586 393 1625 9.
417 1582 468 1619 38.
514 1584 569 1625 21,
592 1584 646 1625 59,
669 1584 699 1620 9.
745 1583 830 1628 inpr.
854 1584 909 1623 ⁸21,
938 1584 988 1625 18,
1011 1583 1042 1619 6.
1090 1581 1204 1618 Valet.
1228 1581 1325 1618 Max.
1454 1581 1510 1625 (V.
1534 1594 1566 1626 p.
1590 1580 1642 1617 7⁶2.
1668 1587 1736 1617 not.
1760 1580 1830 1626 62.)
1876 1581 1930 1624 79,
1953 1582 1984 1619 9.
2030 1580 2140 1617 Etiam
2157 1582 2207 1618 ’τὸ
2229 1584 2345 1622 τέλος
2366 1586 2444 1620 τῶν
2466 1586 2544 1620 in-

229 1634 263 1665 2,
278 1631 311 1665 9,
328 1632 358 1659 7.
384 1630 424 1657 V.
439 1638 502 1657 nos
518 1638 550 1666 p.
571 1630 609 1658 14
623 1639 673 1667 sq.
706 1629 774 1657 lun.
793 1628 1027 1657 Gracchanum
1043 1637 1098 1665 up.
1117 1627 1204 1656 l’iin.
1221 1628 1276 1663 33,
1292 1629 1324 1657 9.
1361 1633 1372 2146 l
1452 1629 1586 1662 πίων,
1619 1628 1660 1655 οἱ
1682 1629 1831 1658 inruis-
1853 1627 1923 1656 τοῦ
1944 1628 2105 1661 τέλους,
2140 1627 2313 1665 ἧῐππάς
2336 1630 2380 1658 τὸ
2409 1631 2543 1665 τέλος,

188 1696 233 1736 ³⁴)
252 1694 336 1726 ilinc
352 1698 416 1731 est,
432 1691 522 1733 quod
540 1690 630 1733 apud
644 1690 823 1732 iosepbum
841 1693 954 1733 τάγμα
969 1690 1103 1723 ἱππικόν
1119 1690 1204 1723 ordo
1224 1702 1326 1731 eque·
1455 1677 1541 1712 qnae
1566 1666 1703 1712 proprie
1724 1666 1875 1702 ordinem
1898 1671 2089 1711 equesu'em
2112 1666 2314 1713 Significant'
2339 1671 2396 1713 (ν’
2420 1682 2451 1706 ³·
2474 1671 2542 1714 3⁴)

229 1741 300 1766 ster
334 1735 397 1771 sit,
433 1734 524 1773 quod
558 1743 613 1774 ap.
650 1733 797 1763 Dionem
832 1741 966 1773 semper
1000 1732 1168 1772 significat
1203 1740 1328 1773 corpus

232 1778 379 1821 equitum
403 1788 455 1819 eq.
478 1788 511 1819 p.
558 1775 608 1809 Cf.
631 1774 731 1808 huius
753 1774 829 1808 libri
853 1787 881 1808 c.
906 1773 923 1808 'l
949 1780 1019 1807 not.
1043 1774 1095 1810 33.

190 1844 236 1883 ³⁵)
260 1841 308 1873 Ut
339 1840 382 1870 de
407 1839 520 1870 Dione
552 1839 694 1879 primum
718 1837 845 1875 dicam,
882 1847 982 1878 quum
1011 1847 1115 1878 saepe
1146 1837 1327 1880 distinguat

233 1884 307 1918 τοιῖς
330 1883 449 1916 ἱππέας
481 1880 553 1916 τούς
585 1882 617 1916 ἐς
648 1880 704 1920 τήν
734 1881 864 1912 ἱππάδα
895 1879 1036 1924 ακριβῶς
1059 1878 1242 1919 τελοῦντιις”,
1271 1880 1327 1912 καὶ

233 1928 307 1961 τούς
330 1928 364 1957 ἐκ
387 1925 442 1956 τοῦ
463 1923 669 1965 βουλευτικοῦ
689 1925 805 1966 γένους
827 1924 940 1957 ὄντας·
973 1924 1043 1962 (55,
1068 1922 1104 1963 2)
1138 1923 1210 1958 τούς
1232 1925 1268 1955 ἐν
1289 1925 1326 1968 τῇ

1454 1718 1489 1741 ut
1514 1712 1555 1742 rai
1575 1715 1645 1749 τέλη
1669 1712 1708 1741 fr.
1733 1713 1792 1748 23,
1815 1712 1836 1740 2
1859 1717 1935 1741 sunt
1960 1717 2101 1751 uterque
2123 1713 2220 1748 ordo,
2244 1720 2363 1754 aperte
2386 1714 2429 1743 de
2453 1716 2542 1753 equi-

1454 1752 1542 1787 tibus
1573 1763 1623 1798 eq.
1656 1763 1687 1798 p.
1719 1751 1934 1799 intelligenda
1963 1753 2023 1795 56,
2054 1753 2106 1789 42.
2139 1753 2195 1797 (v.
2228 1763 2260 1798 p.
2292 1756 2344 1792 73.
2377 1760 2445 1790 not.
2478 1756 2541 1800 75)

1452 1799 1514 1835 59,
1545 1800 1576 1830 9.
1609 1807 1706 1837 quem
1736 1798 1845 1829 locum
1877 1798 2019 1837 explicui
2052 1797 2147 1828 huius
2178 1798 2251 1828 libri
2283 1810 2312 1829 c.
2339 1802 2352 1832 1
2380 1805 2449 1830 not.
2473 1800 2540 1839 33)

1452 1839 1506 1876 50,
1536 1838 1583 1871 11.
1619 1839 1672 1877 63,
1699 1837 1749 1871 13.
1786 1838 1843 1878 (cf.
1869 1849 1900 1880 p.
1924 1839 1977 1871 67.
2002 1842 2071 1869 not.
2102 1840 2141 1872 19
2203 1839 2256 1878 74,
2280 1840 2311 1871 5.
2358 1840 2486 1872 Contra
2508 1841 2540 1873 in

1452 1879 1593 1913 historia
1625 1879 1702 1912 belli
1739 1880 1846 1913 civilis
1878 1882 1932 1920 48,
1963 1882 2006 1915 45
2038 1880 2081 1913 de
2154 1892 2256 1913 aena:
2295 1884 2478 1918 δακτυλίοις
2509 1896 2542 1917 τι

1444 1926 1585 1977 geuualt
1607 1925 1783 1967 ἐκόσμησε,
1805 1924 1862 1956 καὶ
1886 1925 1918 1959 ἐς
1940 1924 1976 1956 τό
2007 1924 2072 1957 τῶν
2095 1925 2222 1957 ἱππέων
2244 1926 2332 1961 τέλος
2356 1927 2540 1973 ἐπέγραψε·

1449 1979 1468 2000 1.
1495 1979 1523 1999 e.
1548 1967 1579 1999 in
1604 1966 1755 1999 ordinem
1779 1973 1980 2009 equestrem.
2025 1970 2079 2008 42,
2102 1967 2163 2007 51,
2188 1968 2241 2000 ubi
2266 1976 2355 2001 errat
2377 1972 2540 2009 Sturzius,

1448 2011 1673 2052 interpretans
1705 2011 1835 2052 equites
1859 2010 2050 2044 militantes.
2096 2011 2159 2050 55,
2183 2012 2212 2044 7.
2237 2011 2474 2055 (Maecenas)
2497 2015 2542 2057 τῷ

1446 2055 1513 2087 τῶν
1534 2055 1661 2085 ἱππέων
1691 2055 1770 2086 τέλει
1791 2056 1940 2096 κατεβίω.
1984 2053 2047 2092 61,
2078 2055 2109 2087 9.
2145 2055 2256 2089 ἱππεῖς
2280 2057 2315 2087 3ae
2345 2057 2404 2088 τοῦ
2432 2057 2540 2091 τέλους

1447 2097 1622 2139 τριάκοντα
1644 2097 1906 2138 ἓμονομιίχησαν.
1949 2095 2109 2127 Similiter
2130 2097 2192 2134 49,
2230 2096 2270 2127 1⁴2
2294 2098 2327 2128 οἱ
2349 2099 2540 2132 ἱππεύοντες

233 1970 354 2003 tumida
378 1969 432 2000 xm*
447 1969 491 2000 ,ἐν
513 1967 557 2009 τῷ
578 1967 784 2010 βουλευτικῷ·
819 1967 889 2007 (40,
914 1966 974 2008 57)
997 1966 1070 2001 τούς
1092 1969 1240 2011 πρώτους
1268 1968 1325 1999 καὶ

232 2015 286 2053 τῆς
315 2011 429 2053 βουλῆς
450 2011 506 2042 καὶ
522 2012 575 2049 τῆς
598 2010 756 2043 ἱππάδος·
787 2009 871 2050 (41,
903 2010 946 2051 7)
977 2010 1113 2052 συχνούς
1134 2011 1189 2042 καὶ
1213 2011 1248 2041 ἐκ
1271 2011 1324 2050 τῆς

232 2057 349 2098 βουλῆς
370 2056 423 2093 τῇς
446 2065 478 2085 τε
500 2054 661 2088 ἱππάδος·
684 2053 755 2093 (41,
768 2052 827 2093 55)
850 2054 1039 2094 καταλέγειν
1059 2054 1114 2084 καὶ
1138 2055 1170 2087 ἐς
1192 2054 1248 2092 τήν
1268 2055 1322 2085 ἱπ-

233 2099 326 2129 πάδα
353 2098 407 2127 καὶ
440 2098 471 2129 ἐς
502 2096 537 2126 τὸ
558 2095 776 2135 βουλευτικῶν
801 2095 885 2134 (53,
921 2097 982 2135 17)
1007 2096 1024 2134 η*
1047 2097 1204 2139 γερουσία
1226 2096 1281 2126 ami
1304 2095 1323 2135 ἦ

232 2141 351 2176 tunic·
377 2137 446 2182 (51,
462 2139 498 2182 4)
515 2146 678 2182 nunquam
690 2141 806 2171 tamen
824 2136 994 2182 distinguit
1011 2137 1097 2171 inter
1121 2137 1264 2181 equitem
1282 2137 1322 2172 R.
1449 2138 1469 2181 ἦ
1490 2138 1545 2172 και·
1567 2138 1773 2181 βουλεύοντες
1796 2142 1872 2174 sunt
1896 2137 1960 2173 viri
1984 2137 2111 2174 ordinis
2139 2137 2196 2173 vel
2220 2140 2385 2183 equestris
2408 2140 2462 2175 vel
2486 2152 2537 2175 se-

234 2190 268 2214 et
299 2184 444 2222 equitem
469 2183 508 2212 R.
531 2191 618 2220 equo
650 2182 794 2220 publico.
839 2182 1023 2214 Quomodo
1053 2187 1212 2220 utrosque
1243 2193 1322 2212 con·
1449 2183 1582 2212 natorii.
1629 2182 1670 2212 cf.
1695 2184 1759 2218 60,
1793 2185 1823 2213 7.
1870 2188 1988 2212 eontra
2013 2183 2149 2213 diverso
2173 2193 2273 2213 sensu
2304 2184 2347 2213 de
2370 2184 2538 2221 Macrino,

233 2223 370 2261 fundat.
403 2233 499 2256 nuum
522 2222 657 2257 atleram
691 2221 875 2266 exemplum
906 2221 1212 2257 loculemissimum.
1257 2222 1323 2257 Mi-
1448 2224 1502 2264 78,
1529 2222 1577 2259 l-l.
1624 2222 1666 2257 cs.
1691 2224 1746 2264 48,
1771 2224 1825 2266 45,
1856 2222 1900 2258 de
1923 2234 1989 2268 quo
2012 2222 2034 2258 1.
2060 2234 2092 2259 v.
2117 2222 2214 2259 liuius
2237 2223 2310 2259 libri
2335 2236 2361 2260 c.
2390 2224 2403 2259 l
2430 2236 2461 2260 n.
2486 2227 2538 2263 46.

232 2271 308 2300 lites
344 2268 638 2298 conscribebantur
671 2278 759 2297 annu
792 2269 911 2297 aetatis
942 2267 1061 2298 xviii.
1114 2268 1210 2297 nanc
1242 2269 1323 2297 miii-
1449 2269 1504 2297 De
1534 2269 1600 2297 alio
1633 2269 1709 2297 loeo
1737 2270 1791 2304 52,
1827 2271 1865 2299 19
1898 2269 2008 2307 paullo
2043 2270 2129 2298 infra
2158 2270 2298 2298 dicetur.
2345 2272 2537 2305 Suetonius,

232 2315 340 2342 tarem
364 2313 507 2339 aetatem
532 2308 659 2350 equites
679 2317 764 2350 equo
787 2318 815 2351 p.
834 2307 1002 2348 babuisse,
1028 2317 1088 2352 per
1108 2318 1145 2340 se
1166 2313 1320 2351 apparet.
1363 2319 1366 2350 ι
1449 2307 1539 2353 apud
1572 2318 1669 2352 quem
1694 2307 1780 2340 ordo
1815 2314 1972 2353 equester
2001 2310 2128 2355 septies
2152 2308 2267 2343 decies
2290 2309 2430 2356 legitur,
2467 2310 2535 2356 ple·

233 2355 258 2388 li
283 2360 418 2391 contra,
450 2365 533 2394 quos
557 2364 676 2384 census
699 2351 775 2384 fecit
799 2353 940 2393 equites,
964 2365 1038 2385 cum
1062 2359 1141 2395 toga
1166 2353 1252 2385 virili
1275 2354 1322 2385 di·
1450 2365 1587 2394 rumque
1610 2354 1747 2394 antiquo
1772 2365 1871 2385 sensu
1895 2355 2025 2395 equites
2049 2366 2150 2386 censu
2180 2356 2366 2396 intelligere
2394 2357 2536 2389 videtur.

242 2398 393 2427 'nitatem
427 2401 614 2434 equestrem
645 2400 866 2435 sumpserunt.
922 2396 1021 2436 Atqui
1048 2395 1235 2425 Maecenas
1267 2406 1321 2436 ap.
1449 2396 1506 2425 Sic
1538 2400 1657 2436 aperte
1680 2396 1776 2426 Caes.
1801 2397 1854 2428 ‹ss-
1900 2394 1978 2427 Oct.
2004 2397 2035 2428 2.
2059 2398 2111 2429 63.
2158 2396 2231 2428 Tib.
2256 2398 2309 2429 51.
2355 2397 2459 2429 Calin.
2486 2399 2536 2432 15.

250 2440 381 2473 lionem
405 2437 524 2477 5220.
558 2438 810 2481 Καταλὲγισθιιι
832 2439 867 2471 δὲ
884 2438 952 2484 χρῆ
976 2441 1007 2474 ἐς
1028 2439 1091 2482 μὲν
1113 2439 1171 2479 τήν
1194 2440 1324 2472 ἱππάδα
1449 2440 1502 2473 30.
1526 2439 1578 2473 49.
1603 2440 1655 2472 53.
1702 2437 1832 2472 Neron.
1856 2437 1908 2472 20.
1955 2439 2063 2473 Galba
2090 2439 2139 2473 10.
2187 2440 2300 2472 Vitell.
2337 2440 2386 2474 12.
2429 2422 2493 2474 ς1““ιῐ.
2516 2442 2539 2474 8

230 2482 515 2516 ὀκτωκαιδεκὲτεις
544 2498 588 2504 -
611 2483 643 2514 ἐς
670 2483 706 2513 δὲ
729 2482 766 2511 τό
788 2483 961 2524 συνέδριον
982 2483 1322 2516 πεντεκιιιιικοσιέτεις.
1449 2482 1579 2512 Contra
1613 2479 1735 2513 Octuv.
1776 2483 1855 2514 100:
1893 2481 2052 2524 (Corpus
2077 2482 2238 2525 Augusti)
2273 2493 2294 2514 a
2328 2482 2537 2516 Bovillis.

230 2526 265 2560 ln
290 2523 466 2563 omnibus,
491 2533 574 2565 quos
597 2522 690 2555 initio
714 2522 859 2563 laudavi,
882 2523 965 2556 locis
988 2526 1091 2559 ἱππεὶς
1114 2523 1198 2557 ordo
1221 2534 1321 2566 eque·
1448 2529 1658 2566 equester
1690 2523 1799 2557 ordo
1832 2525 2046 2567 suscepit.
2104 2526 2152 2567 (v.
2202 2551 2209 2558 .
2243 2526 2312 2567 73.)
2358 2525 2463 2570 Calig.
2498 2529 2537 2562 17

228 2576 299 2602 ster
315 2573 394 2605 vesu
428 2566 460 2598 h.
486 2566 507 2598 l.
532 2572 649 2608 aperte
671 2567 897 2608 intelliguntur
928 2568 1057 2607 equites
1085 2577 1172 2608 equo
1196 2578 1228 2608 p.
1252 2567 1320 2606 vei,
1447 2567 1567 2599 dedit
1591 2567 1762 2609 epulum
1785 2569 1981 2609 equestri
2011 2568 2149 2601 ordini
2192 2579 2223 2600 v.
2255 2579 2287 2611 p.
2312 2570 2362 2603 72.
2386 2575 2446 2601 not
2479 2571 2537 2612 61)

230 2618 262 2645 ut
289 2611 414 2644 rectius
438 2609 569 2648 dicam,
598 2607 665 2640 Dio
690 2608 732 2640 de
755 2609 944 2641 discrimine
967 2609 1033 2642 hoc
1057 2620 1123 2642 non
1147 2611 1318 2653 cogitavit.
1448 2609 1564 2643 Claud.
1597 2611 1636 2643 6:
1676 2609 1896 2652 Equester
1931 2610 2036 2643 ordo
2076 2611 2140 2647 bis
2179 2617 2409 2655 patronum
2446 2624 2538 2646 eum

229 2655 359 2687 Eadem
380 2664 448 2684 vox
470 2653 611 2694 antiquo
632 2662 731 2682 sensu
756 2653 937 2684 ordinem
961 2664 1020 2694 eq.
1042 2652 1209 2696 significat
1221 2656 1274 2692 47,
1289 2656 1318 2687 7.
1447 2653 1747 2696 perferendae
1771 2665 1847 2696 pro
1870 2665 1915 2686 se
1938 2654 2185 2697 legationis
2208 2655 2346 2697 elegit
2370 2661 2417 2696 (v.
2438 2667 2471 2698 p.
2496 2659 2538 2690 72

229 2701 260 2733 ἐς
300 2699 356 2738 τὴν
381 2697 525 2739 ‚imitata
562 2696 729 2732 καταλέξαι
761 2695 803 2725 de
840 2694 1125 2737 Philopoemene:
1166 2695 1229 2734 48,
1266 2697 1318 2729 33.
1444 2702 1515 2728 not.
1546 2697 1625 2737 68.)
1658 2697 1685 2727 si
1709 2702 1869 2729 accurate
1897 2697 2109 2739 interpretari
2138 2697 2304 2738 volueris,
2333 2699 2539 2741 intelligendi

228 2742 347 2785 ἄνδρες
378 2741 410 2775 ἐς
442 2739 498 2780 τήν
520 2738 651 2770 ἱππάδα
674 2739 850 2773 τελοῦντες·
883 2738 944 2774 54.
975 2738 1004 2771 2.
1028 2740 1060 2770 οἳ
1083 2741 1118 2772 ἐν
1140 2740 1178 2785 τῇ
1199 2740 1319 2772 inmitto
1439 2744 1543 2772 erunt
1577 2740 1704 2782 equites
1737 2749 1824 2782 equo
1857 2750 1889 2783 p.
1943 2739 2014 2774 Sed
2049 2740 2205 2783 quoniam
2234 2740 2288 2782 hi,
2322 2750 2540 2784 quaecunque

228 2787 456 2826 ἐξεταζόμενοι.
501 2783 564 2821 54,
601 2781 655 2813 30.
688 2783 721 2814 ἐς
758 2783 812 2821 τήν
849 2783 977 2813 ἱππάδα
1011 2779 1111 2817 αὖθις
1144 2785 1319 2815 ἐπανιέναι.
1444 2788 1558 2824 agunt,
1582 2793 1649 2814 non
1665 2792 1728 2814 suo
1752 2787 1879 2815 tantum
1902 2784 2048 2822 nomine,
2070 2784 2131 2816 sed
2147 2793 2208 2826 pro
2238 2785 2397 2816 universo
2420 2784 2540 2818 ordine

230 2829 354 2858 santra
380 2832 507 2856 turmas
531 2824 679 2866 equitum
703 2823 870 2862 significat
894 2823 934 2854 fr.
958 2823 1011 2863 ⁴23,
1031 2824 1065 2863 2,
1090 2825 1143 2856 ubi
1168 2824 1210 2856 de
1236 2825 1317 2857 Tar·
1444 2824 1568 2856 faciunt
1595 2826 1644 2866 (v.
1669 2835 1700 2867 p.
1726 2826 1795 2867 7⁰.)
1827 2830 2036 2868 quapropter
2057 2826 2091 2858 in
2122 2827 2286 2869 pecuniae
2308 2825 2541 2860 collationibus

230 2869 342 2910 «plinio
367 2868 521 2909 Superbo
546 2867 684 2900 dicitur:
708 2867 763 2905 56,
780 2868 832 2899 43.
856 2866 909 2905 59,
934 2865 980 2898 ll.
1005 2868 1022 2906 ἦ
1044 2869 1145 2903 imnis·
1166 2868 1318 2901 ἑστιᾶῐαι.
1355 2867 1360 2909 l
1446 2868 1636 2900 universum
1660 2867 1814 2900 ordinem
1838 2874 2139 2901 commemoratum
2162 2868 2350 2901 invenimus
2373 2871 2423 2910 (v.
2437 2881 2468 2911 p.
2486 2872 2538 2904 72.
