2720 3402
1214 318 1266 372 (J
1282 330 1327 371 a
1342 332 1408 382 ι).
1455 319 1560 371 1Ιρ

654 411 937 467 centuriae
976 416 1202 484 equitum
1238 431 1270 467 a
1307 417 1500 468 Servio
1539 415 1714 466 Tullio
1736 416 2043 466 *institutae
2062 411 2126 480 11Υ)

215 511 510 585 Servius,
552 533 604 572 ut
646 528 711 573 ait
750 529 918 576 Livius
962 531 1012 588 1,
1055 531 1157 588 43„
1206 529 1483 592 pedestri
1537 529 1814 576 exercitu
1855 533 2067 574 ornato
2108 522 2565 579 distributoque

216 601 477 661 equitum
503 617 573 646 ex
596 600 957 663 primoribus
984 602 1259 649 civitatis
1287 600 1602 648 duodecim
1625 600 1881 662 scripsit
1908 599 2229 646 centurias.
2278 595 2399 641 Sex
2423 594 2567 639 item

216 674 368 718 alias
402 674 704 719 centurias
737 675 931 719 tribus
965 690 991 719 a
1022 675 1271 720 Romulo
1303 673 1630 728 institutiS‚
1666 674 1770 716 sub
1804 673 2039 725 iisdem,
2073 671 2286 729 quibus
2321 669 2567 725 inaugu-

215 750 380 789 ratae
415 751 597 802 erant,
630 745 967 791 nominibus
995 746 1159 792 fecit.
1223 746 1288 791 Et
1307 745 1474 790 Cicero
1492 744 1551 790 de
1568 758 1669 805 rep.
1684 743 1730 799 2,
1758 743 1861 788 22:
1896 741 2062 802 „(fecit
2079 742 2282 801 equitum
2301 734 2563 795 centurias)

217 816 643 878 duodeviginti
676 833 859 863 censu
890 818 1157 864 maximo.
1221 817 1457 864 Deinde
1491 816 1756 876 equitum
1790 830 1995 875 magno
2030 829 2268 859 numero
2309 828 2379 858 ex
2411 807 2565 856 omni

201 888 417 949 populi
443 903 652 933 summa
679 897 970 949 separato,
997 889 1288 949 reliquum
1313 889 1593 950 populum
1620 886 1935 931 distribuit
1962 886 2019 929 in
2043 885 2295 944 quinque
2322 885 2563 935 classes,

217 959 604 1022 senioresque
639 975 666 1006 a
692 958 1042 1023 junioribus
1076 960 1348 1008 divisim
1413 959 1487 1006 De
1514 959 1680 1022 quibus
1708 958 1825 1005 locis
1852 957 1942 1003 tria
1967 956 2169 1003 maxime
2187 955 2417 1002 monenda
2435 958 2565 999 sunt:

422 1033 464 1078 l.
508 1050 689 1078 errasse
733 1049 839 1089 eos,
883 1035 985 1094 qui,
1028 1034 1245 1094 quoniam
1286 1034 1455 1079 Livius
1497 1034 1556 1077 de
1599 1046 1686 1076 sex
1729 1031 1931 1091 antiquis
1967 1030 2140 1074 ciw'um
2172 1028 2407 1090 partibus,
2448 1040 2566 1085 quae

215 1110 321 1151 ante
355 1104 573 1151 Servium
606 1112 751 1162 erant,
784 1112 893 1166 post
925 1122 1020 1161 ωε,
1053 1122 1170 1166 quae
1204 1123 1231 1151 a
1262 1106 1433 1151 Servio
1465 1105 1705 1167 institutae
1740 1112 1861 1160 sunt,
1895 1104 2125 1163 loquatur,
2159 1103 2243 1147 has
2277 1116 2364 1146 sex
2397 1115 2423 1144 a
2455 1098 2569 1142 Ser—

215 1177 295 1223 vio
328 1177 567 1223 institutas
600 1192 705 1222 esse
743 1176 911 1221 dicant.
934 1176 990 1236 ¹⁴)
1053 1177 1173 1222 Nam
1204 1178 1339 1222 Festi
1369 1179 1538 1232 locum,
1572 1192 1708 1236 quem
1742 1176 1956 1231 afferunt,
1978 1174 2033 1235 ¹⁵)
2068 1181 2116 1219 et
2149 1179 2418 1234 corruptum
2447 1184 2569 1224 esse,

214 1264 367 1309 neque
394 1248 537 1294 ullam
564 1254 737 1294 certam
764 1247 1043 1294 sententiam
1071 1247 1296 1294 exhibere
1324 1254 1373 1294 et
1398 1264 1486 1310 per
1510 1264 1562 1295 se
1589 1254 1734 1310 patet,
1762 1254 1810 1294 et
1835 1246 2172 1293 demonstravit
2197 1243 2489 1291 Huschkius.
2511 1240 2568 1301 Ψ)

214 1322 335 1367 Rem
367 1321 518 1382 ipsam
551 1320 726 1365 diserte
759 1325 958 1366 testatur
989 1320 1157 1366 Livius
1191 1327 1239 1366 et
1270 1320 1352 1366 l.1.
1380 1321 1436 1382 ¹³)
1470 1326 1519 1365 et
1554 1321 1596 1377 1,
1630 1319 1731 1365 36.:
1772 1321 2012 1379 „Neque
2046 1326 2161 1364 tum
2195 1314 2567 1378 Tarquinius

216 1394 284 1438 de
319 1392 577 1452 equitum
611 1392 914 1437 centuriis
948 1393 1253 1452 quicquam
1296 1392 1571 1448 mutavit,
1615 1408 1855 1438 numero
1897 1398 2123 1436 tantum
2165 1392 2419 1435 alterum
2463 1387 2567 1432 ad-

209 1462 386 1526 jecit,
427 1470 489 1508 ut
529 1463 694 1512 mille
737 1463 931 1509 DCCC
975 1464 1214 1525 equites
1256 1464 1315 1510 in
1355 1464 1554 1510 tribus
1587 1456 1884 1510 centuriis
1919 1470 2148 1508 essent:
2181 1461 2565 1524 posteriores

215 1535 383 1584 modo
432 1537 536 1581 sub
585 1534 799 1581 iisdem
850 1537 1214 1595 nominibus,
1270 1537 1367 1598 qui
1416 1534 1609 1582 additi
1658 1544 1818 1592 sunt,
1868 1535 2166 1598 appellati
2215 1542 2376 1590 sunt,
2426 1547 2566 1593 quas

217 1626 393 1665 nunc,
426 1608 560 1668 quia
592 1608 925 1669 geminatae
959 1617 1118 1666 sunt,
1153 1625 1259 1654 sex
1291 1616 1508 1655 vocant
1540 1609 1903 1654 centurias.“

418 1681 467 1726 2.
516 1681 789 1741 Quanquam
832 1688 987 1727 autem
1031 1690 1079 1727 et
1122 1682 1291 1727 Cicero
1332 1684 1364 1728 l.
1397 1684 1429 1727 l.
1474 1690 1523 1727 et
1563 1681 1824 1740 Dionysius
1853 1682 1908 1741 ¹⁸)
1961 1679 2285 1741 duodeviginti
2336 1677 2569 1724 centurias

218 1751 422 1814 equitum
458 1767 484 1798 e
517 1751 800 1815 primoribus
833 1752 1036 1800 civitatis
1069 1754 1214 1801 lectas
1248 1770 1353 1801 esse
1385 1754 1597 1811 tradunt,
1629 1754 1784 1816 tamen
1818 1752 1899 1799 diu
1932 1769 1958 1799 a
1990 1753 2235 1800 duodecim
2267 1749 2488 1798 centuriis
2522 1753 2572 1794 et

216 1825 403 1872 nomine
436 1830 484 1870 et
509 1823 619 1886 jure
653 1831 702 1871 et
734 1823 972 1887 dignitatis
1005 1824 1271 1887 insignibus.
1297 1843 1384 1874 sex
1417 1825 1638 1888 suffragia
1670 1824 1888 1872 distincta
1921 1825 2067 1871 fuisse
2100 1840 2194 1872 non
2226 1823 2435 1872 obscuris
2468 1819 2569 1882 qui-

216 1898 410 1943 busdam
453 1897 739 1957 argumentis
783 1897 1031 1960 colligitur.
1095 1899 1216 1945 Nam
1258 1914 1428 1945 nomen
1462 1898 1773 1945 centuriarum
1806 1898 1976 1959 ipsum,
2008 1904 2060 1944 ut
2093 1914 2120 1944 a
2151 1899 2305 1961 primo
2336 1894 2568 1957 incipiam,

215 1970 412 2032 petitum
445 1968 563 2013 illud
595 1984 622 2012 a
654 1969 915 2029 peditibus,
949 1971 1007 2014 ad
1039 1972 1262 2032 patricios
1296 1972 1477 2031 equites
1511 1970 1774 2016 decuriatos
1808 1986 1901 2015 non
1933 1971 2223 2032 pertinebat,
2258 1984 2449 2030 quorum
2484 1981 2566 2010 an-

215 2042 370 2102 tiquae
403 2039 552 2085 tribus
586 2047 665 2085 aut
697 2042 926 2086 communi
959 2042 1041 2087 Vl.
1076 2043 1401 2103 suffragiorum
1431 2051 1510 2088 aut
1537 2059 1622 2089 suo
1651 2058 1860 2102 quaeque
1887 2044 2234 2098 Ramnensium‚
2269 2039 2564 2093 Titiensium,

215 2114 447 2161 Lucerum
479 2112 664 2159 nomine
698 2112 958 2175 appellatae
993 2114 1196 2161 fuerunt.
1225 2114 1280 2176 ¹⁹)

421 2184 580 2242 Adde,
623 2186 747 2246 quod
778 2186 866 2231 hae
900 2185 1122 2248 suffragia
1153 2187 1203 2233 in
1236 2186 1448 2233 Comitiis
1483 2185 1753 2233 centuriatis
1787 2193 2029 2248 separatae
2064 2202 2091 2233 a
2124 2185 2370 2233 duodecim
2403 2190 2567 2232 centu-—

264 2343 306 2384 ¹³)
329 2339 481 2373 Difficile
504 2346 553 2372 est
577 2339 620 2372 de
642 2340 764 2373 Servio
786 2336 884 2373 brevi
898 2340 1022 2381 dicere,
1045 2346 1225 2384 postquam
1243 2341 1286 2374 de
1305 2353 1347 2374 eo
1477 2343 1520 2384 η)
1544 2340 1664 2374 Festus
1693 2352 1726 2384 p«
1757 2340 1832 2376 259.
1855 2342 1895 2374 L.
1925 2353 1997 2374 sex
2028 2343 2251 2385 suffragia
2280 2342 2567 2384 appellantur

324 2382 558 2416 erudutissime
589 2387 622 2414 et
651 2383 845 2415 acutissime
878 2383 1062 2425 disputavit
1093 2384 1285 2417 lluschkius
1314 2385 1346 2416 in
1538 2385 1579 2417 in
1611 2395 1630 2416 e
1671 2384 1802 2416 uitum
1833 2386 2066 2425 centuriis,
2097 2395 2209 2427 quae
2239 2390 2333 2418 sunt
2357 2383 2566 2417 adfectae

323 2436 384 2466 eo,
415 2436 512 2468 quem
540 2424 614 2467 jam
644 2426 779 2468 saepius
809 2425 963 2466 laudavi,
994 2427 1098 2459 libro:
1143 2427 1241 2467 „Die
1263 2427 1346 2459 Ver·
1539 2428 1611 2469 (sic
1670 2427 1750 2469 od.)
1789 2428 1826 2459 ei
1871 2438 2048 2461 numero
2088 2427 2415 2468 centuriarum,
2460 2435 2566 2469 quas

323 2469 461 2512 sasnung
491 2467 551 2500 des
574 2468 704 2512 Kiinigs
726 2469 869 2502 Servius
890 2469 1028 2502 'Pullius‘
1049 2469 1202 2503 Heidelb.
1229 2472 1346 2510 1838st
1537 2470 1720 2503 Priscus
1743 2470 2013 2513 Tarquinius
2036 2482 2112 2504 rex
2136 2472 2384 2505 constitnit.
2429 2470 2567 2510 Legitur

349 2521 424 2544 uem
466 2516 499 2543 et
530 2511 626 2553 sequi
668 2517 701 2543 et
734 2512 885 2544 refutare
914 2523 1023 2555 aeque
1055 2513 1249 2556 impeditum
1283 2519 1344 2545 est.
1536 2513 1653 2550 melius
1675 2513 1831 2556 protecto
1855 2514 2057 2547 effectae
2080 2525 2130 2547 eo
2154 2525 2352 2555 numero,
2383 2511 2491 2557 (quod
2514 2515 2566 2543 est

360 2566 414 2588 am
445 2565 511 2596 quo
540 2553 647 2596 major
676 2559 728 2587 est
757 2555 791 2588 iu
823 2566 865 2588 eo
894 2556 969 2588 viro
991 2562 1025 2589 et
1047 2556 1221 2602 doctrinae
1246 2557 1345 2609 copia
1535 2556 1636 2589 Livio
1658 2559 1970 2599 consentaneum‚)
1994 2569 2094 2601 qnam
2117 2558 2339 2601 adjectae.

325 2604 360 2631 et
387 2598 510 2640 ingenii
540 2598 725 2639 sagacitas,
755 2606 797 2630 eo
827 2600 932 2641 magis
961 2610 1199 2642 nonnunquam
1227 2601 1260 2633 in
1288 2600 1346 2632 nlla
1875 2632 1887 2642 ,

325 2641 522 2684 quaestione
551 2641 760 2673 Socraticam
791 2640 884 2673 illam
912 2643 1083 2675 nesciendi
1122 2648 1227 2676 artem
1257 2641 1345 2675 disii—
1475 2631 1518 2673 ¹⁶)
1541 2641 1576 2674 Ρ*
1598 2632 1674 2666 348-
1697 2639 1747 2674 sq·
1771 2631 1814 2664 Cs-
1838 2632 1876 2664 u
1888 2632 1974 2665 ‘⁵¹⁸³'
1994 2632 2035 2665 R-
2058 2631 2099 2666 R·
2123 2644 2157 2677 P·
2180 2634 2233 2668 32·
2256 2643 2287 2666 ¹¹·
2314 2633 2362 2666 17·

323 2685 479 2718 cillimam
508 2683 748 2717 desideramus.
793 2684 927 2728 ltaque,
965 2688 1118 2729 quamvis
1148 2686 1251 2720 multa
1279 2686 1345 2719 sint

323 2729 358 2763 iu
381 2740 423 2762 eo
445 2728 529 2761 libro
552 2738 572 2760 e
595 2728 684 2772 regie
708 2727 893 2771 disputata,
924 2740 1088 2763 summam
1110 2735 1221 2763 tamen
1244 2731 1344 2763 totius

324 2771 557 2816 disputationis
576 2815 585 2824 .
611 2768 678 2803 aud
707 2772 778 2804 scio
806 2782 850 2804 au
879 2780 948 2804 non
974 2772 1123 2817 pluribus
1146 2773 1344 2817 probaturus
1475 2779 1519 2822 ¹⁸)
1546 2776 1636 2814 Dion
1662 2790 1689 2813 g,
1720 2777 1787 2821 lv,
1820 2783 1871 2817 18,
1894 2792 1926 2825 p,
1957 2783 2033 2817 (331,
2066 2781 2102 2816 ,ὁ
2131 2783 2167 2816 0⁸3
2200 2782 2264 2815 τῶν
2290 2782 2416 2814 ἱππέων
2441 2780 2567 2821 πιῆθυς

321 2817 383 2855 sit,
414 2825 512 2858 quam
544 2825 659 2847 miram
680 2814 770 2847 illam
793 2815 837 2848 de
859 2814 1003 2859 bovigu,
1025 2817 1161 2857 animali
1185 2817 1344 2849 antedilu·
1537 2825 1627 2856 eng),
1662 2835 1683 2855 μ
1713 2826 1748 2856 32
1771 2826 1837 2857 τῶν
1859 2828 2002 2868 &gamana
2024 2826 2069 2858 r‘3‘
2080 2828 2239 2869 μένωτομ
2260 2828 2386 2867 τίμημα
2406 2825 2463 2855 καὶ
2484 2823 2568 2856 κατὰ

261 2903 304 2945 u)
319 2857 958 2946 {21:313}sitsffqqffnfflaelnsaim
985 2912 1019 2946 p.
1041 2903 1117 2937 316.
1162 2900 1269 2937 Orelli
1299 2901 1343 2935 ad
1536 2868 1633 2910 γένος
1656 2868 1828 2910 ἐπιφανῶν
1849 2871 1997 2908 συνέταξε
2021 2870 2058 2903 δὲ
2081 2870 2127 2904 ⁶3⁵·
2149 2868 2370 2901 ὀκτωκαίδεκα
2391 2868 2515 2910 ἤκους’

321 2944 390 2979 Cic.
413 2945 457 2980 de
477 2955 547 2989 rep.
570 2944 591 2977 Ι.
615 2944 636 2978 l.
1475 2945 1518 2988 ¹⁹)
1540 2954 1574 2980 V.
1596 2929 1760 2981 Huncin—lie
1782 2958 1817 2991 p.
1840 2949 1915 2982 349.

1475 2705 1518 2748 ¹⁴¹)
1541 2705 1680 2747 iisdem,
1704 2706 1823 2750 quibus
1844 2707 2065 2759 inauguratae
2087 2714 2205 2749 erant,
2225 2706 2411 2741 nominibus
2433 2705 2523 2739 fecit.
