2720 3402
374 295 418 340 2.
470 296 619 342 Erant
651 295 774 342 enim
806 297 1125 344 Romanorum
1166 298 1217 344 in
1260 297 1516 360 provinciis
1549 297 1642 342 duo
1678 310 1875 357 genera,
1925 284 2122 341 alterum
2156 294 2405 354 nobilium,
2447 294 2528 356 qui

171 374 277 413 ante
311 369 435 413 bella
467 369 623 414 civilia
642 369 746 414 'soli
777 369 827 416 in
862 371 1211 432 magistratibus
1245 378 1399 426 erant,
1442 370 1639 414 alterum
1671 367 1908 413 hominum
1941 382 2110 413 census
2137 368 2401 426 equestris,
2449 376 2528 414 so-

171 439 347 485 ciorum
390 441 683 502 publicorum
716 442 1043 504 vectigalium,
1085 452 1331 503 utrumque
1363 455 1510 503 rapax
1551 446 1599 486 et
1632 454 1846 498 avarum,
1896 455 1982 486 suo
2016 439 2259 485 commodo
2303 438 2529 497 deditum,

170 510 437 573 despiciens
471 514 815 574 provinciales,
864 517 949 562 sed
982 516 1191 563 invidum
1223 522 1377 561 tamen
1408 514 1532 559 inter
1576 528 1628 560 se
1672 512 2014 574 diligenterque
2049 513 2329 568 observans,
2369 513 2531 559 affal-

170 583 319 630 terius
352 583 536 646 injuriis
569 603 665 634 non
697 588 933 650 indigenis
970 615 1028 623 -—
1063 604 1223 635 eorum
1264 587 1385 633 enim
1417 585 1554 649 pauci
1588 591 1637 632 et
1668 601 1728 631 ne
1762 585 1811 631 hi
1852 585 2040 646 quidem
2082 599 2273 646 semper
2303 584 2531 648 rationem

170 656 433 704 habuerunt
467 685 527 691 —
563 660 649 706 sed
682 661 934 708 alterorum
967 667 1175 708 utrorum
1209 659 1460 706 commodis
1495 657 1862 717 officeretur.·⁹⁹)
1926 657 2220 716 Accedebat,
2262 656 2388 719 quod
2418 666 2531 720 pro*-

172 730 451 777 vincialibus
494 735 674 779 nullum
716 735 1002 796 praesidium
1045 742 1145 780 erat
1177 740 1225 779 et
1258 739 1417 778 contra
1448 731 1747 793 publicanos,
1790 731 1883 799 nisi
1914 730 1963 777 in
1994 731 2292 793 proconsule·
2309 736 2389 793 aut
2419 736 2532 794 pro-

170 811 407 863 praetore,
442 813 491 852 et
524 814 686 853 contra
716 807 1011 869 magistratus
1044 807 1303 863 Romanos,
1335 805 1426 851 nisi
1458 804 1507 850 in
1538 804 1824 867 publicanis3
1868 805 2082 867 quodque
2116 810 2165 850 et
2194 803 2266 850 illi
2297 803 2532 851 interdum

170 875 356 934 iniquas
391 880 662 923 exactiones
696 894 913 924 coercere
947 882 1254 935 conabantur,
1288 885 1336 922 et
1367 879 1438 934 hi,
1482 876 1848 937 quotiescunque
1883 876 2126 938 praesides
2168 876 2533 939 repetundarum

173 958 518 1005 accusarentur,
551 952 828 996 testimoniis
863 952 959 996 suis
993 959 1175 996 actores
1209 966 1400 996 caussae
1432 951 1666 994 iuvabant.
1730 949 1891 994 Veluti
1923 949 2099 1004 Asiam,
2137 964 2271 1008 quae,
2305 952 2533 1009 oppressa

175 1020 357 1077 fenore,
381 1012 586 1069 'avaritia
618 1029 666 1068 et
699 1022 971 1069 crudelitate
1006 1023 1359 1084 publicanorum
1389 1037 1538 1084 paene
1571 1013 1746 1067 afflicta
1776 1019 1868 1066 iam
1895 1026 2032 1081 atque
2058 1036 2240 1078 eversa,
2271 1019 2533 1067 Mithridati

174 1099 275 1138 tota
317 1110 370 1139 se
402 1096 616 1149 dederat,
646 1095 723 1153 ¹⁰⁰)
767 1095 896 1140 finito
930 1095 1056 1140 bello
1089 1096 1256 1141 fenore
1290 1093 1613 1153 circumsripto
1656 1094 1816 1138 levare
1857 1100 1906 1138 et
1938 1095 1995 1138 ab
2027 1093 2298 1139 imminente
2339 1092 2533 1152 interitu

177 1181 400 1211 revocare
426 1181 565 1211 ausus
592 1171 664 1212 est
680 1165 923 1212 Lucullus.
945 1165 1025 1227 ¹⁰¹)
1074 1166 1267 1229 Quippe
1295 1166 1417 1212 filios
1448 1181 1559 1211 suos
1585 1165 1798 1226 filiasque
1824 1165 2033 1227 virgines
2058 1167 2146 1212 sub
2171 1181 2345 1211 corona
2368 1164 2532 1211 venire

177 1237 404 1295 viderant,
438 1237 540 1300 rapi
567 1255 593 1284 e
620 1239 809 1301 templis
837 1238 1043 1297 donaria,
1077 1240 1300 1302 picturas,
1334 1238 1580 1285 simulacra
1605 1239 1813 1295 deorum,
1847 1238 1906 1285 ad
1939 1244 2200 1286 extremum
2231 1237 2404 1285 addicti
2430 1254 2533 1285 cre·

175 1311 416 1367 ditoribus,
450 1312 542 1372 ipsi
575 1313 623 1358 in
660 1312 933 1357 servitutem
969 1313 1095 1357 ducti
1122 1320 1269 1358 erant.
1318 1313 1394 1357 Ad
1420 1313 1536 1358 haec
1563 1312 1716 1357 omnia
1741 1327 1914 1372 genera
1940 1311 2223 1376 cruciatuum
2249 1326 2303 1356 ac
2326 1318 2533 1357 tormen-‘-

174 1389 341 1439 torum,
374 1392 428 1430 ut
453 1385 531 1430 vel
567 1384 773 1432 servitus
805 1386 1018 1432 levamen
1050 1386 1277 1431 malorum
1303 1386 1569 1431 haberetur.
1618 1385 1737 1431 Tam
1763 1384 1962 1445 perditis
1994 1386 2136 1430 rebus
2169 1400 2308 1445 quum
2341 1390 2390 1430 et
2421 1400 2533 1430 con-

171 1454 334 1503 stituto
370 1457 506 1504 modo
539 1457 719 1505 fenoris
753 1464 801 1504 et
832 1459 1012 1504 sublata
1044 1464 1177 1520 parte
1210 1471 1456 1505 usurarum
1482 1462 1695 1503 veterum
1723 1455 2035 1514 subvenisset,
2068 1455 2264 1503 Romam
2289 1466 2534 1504 reversum

173 1529 411 1588 publicani
438 1537 485 1575 et
511 1530 603 1591 ipsi
631 1530 878 1576 Lucullum
904 1531 1187 1576 infamabant
1213 1538 1261 1577 et
1291 1530 1503 1582 homines
1536 1529 1759 1590 quosdam
1786 1530 2038 1592 populares
2065 1529 2263 1592 pecunia
2287 1536 2534 1592 corruptos

174 1608 336 1648 contra
368 1603 499 1649 illum
532 1602 799 1650 incitabant.
863 1605 961 1650 Per
991 1605 1263 1666 publicanos
1298 1604 1506 1664 aliosque
1540 1603 1591 1649 in
1622 1602 1785 1649 Africa
1816 1604 2107 1666 negotiantes
2151 1601 2418 1649 criminatus
2461 1609 2536 1650 est

144 1704 151 1707 -
174 1674 352 1720 Marius
378 1676 561 1722 Metelli
588 1676 928 1732 lentitudinem,
961 1677 1189 1722 trahentis
1216 1677 1308 1722 iam
1333 1676 1382 1721 in
1409 1675 1598 1721 tertium
1624 1690 1793 1722 annum
1822 1676 2010 1731 bellum,
2043 1681 2092 1721 et
2116 1666 2374 1721 naturalem
2398 1674 2533 1731 nobi-

176 1746 322 1795 litatis
354 1750 636 1810 superbiam.
660 1748 741 1809 ¹⁰²)
789 1746 938 1791 Iidem
967 1755 1114 1795 testes
1137 1749 1423 1795 exstiterunt
1449 1754 1609 1794 contra
1630 1747 1875 1794 Catilinam
1901 1748 2263 1811 repetundarum
2288 1763 2351 1794 ex
2370 1749 2537 1795 ¹Africa

177 1822 477 1878 postulatum,
512 1822 795 1879 eosdemque
821 1820 1067 1874 Gabinius,
1101 1836 1239 1880 quum
1274 1836 1314 1865 a.
1341 1821 1404 1864 54
1428 1821 1792 1880 repetundarum
1826 1826 2063 1866 accusaret
2195 1821 2418 1867 cerrimos
2452 1822 2534 1867 ad-

179 1892 415 1937 versarios
445 1892 620 1937 habuit.
643 1892 722 1952 103)
771 1894 906 1937 Haec
939 1899 986 1937 et
1019 1892 1108 1937 alia
1141 1893 1243 1938 eius
1276 1892 1461 1953 generis
1494 1892 1715 1951 exempla
1742 1892 1800 1937 ad
1833 1892 1951 1937 hauc
1983 1892 2060 1952 qui
2171 1926 2183 1947 ,
2217 1893 2283 1938 de·
2309 1908 2399 1953 qua
2424 1908 2533 1954 ago,

176 1970 376 2009 aetatem
403 1979 495 2009 non
522 1964 775 2024 pertinent,
810 1965 893 2009 sed
919 1972 1073 2010 tamen
1101 1964 1348 2010 simultatis
1374 1964 1497 2015 inter
1522 1963 1701 2023 equites
1727 1963 2000 2024 nobilesque
2026 1963 2534 2025 provinciarumprae-

177 2034 301 2084 sides
336 2050 545 2081 caussam
579 2035 694 2081 satis
729 2036 979 2082 declarant.
1045 2035 1208 2096 Itaque
1243 2036 1507 2098 praesidem
1540 2034 1606 2080 ita
1638 2034 1842 2092 versari,
1892 2044 1942 2082 ut
1974 2044 2022 2082 et
2053 2035 2313 2098 publicanis
2347 2036 2534 2084 satisfa-

177 2101 318 2162 ceret,
352 2107 627 2169 praesertim
656 2108 856 2170 publicis
884 2108 1003 2153 male
1030 2108 1267 2166 redemtis,
1295 2116 1342 2155 et
1369 2107 1522 2154 socios
1549 2107 1706 2169 perire
1734 2122 1828 2154 non
1854 2107 2045 2166 sineret,
2079 2108 2266 2156 divinae
2292 2109 2531 2157 cuiusdam

180 2194 301 2234 esse,
334 2187 385 2225 ut
416 2180 481 2226 ait
513 2180 690 2237 Cicero,
723 2180 911 2226 virtutis
944 2180 1204 2228 videbatur.
1268 2181 1363 2244 Qui
1396 2181 1437 2226 si
1471 2187 1572 2228 erat
1602 2180 1803 2227 infestus
1835 2181 2111 2243 publicaniS,
2143 2195 2237 2228 uon
2268 2183 2408 2230 modo
2440 2196 2532 2231 non

180 2366 226 2406 ¹³¹2)
249 2364 331 2397 Non
355 2376 580 2398 commemoro
603 2367 656 2399 hic
679 2368 820 2399 Verrem
843 2370 982 2411 eiusque
1005 2369 1150 2408 similes,
1183 2368 1244 2400 sed
1268 2367 1312 2400 ad
1352 2369 1358 2412 1
1442 2368 1535 2407 δίκης
1567 2366 1654 2401 τινός
1685 2367 1832 2413 μετάσχῃ
1864 2366 1921 2400 καὶ
1951 2367 2102 2424 θεσμῶν,
2136 2363 2186 2401 air
2206 2368 2261 2402 eni
2288 2370 2392 2404 πολὸν
2406 2371 2533 2418 χρόνον

222 2407 415 2442 universam
447 2408 653 2443 nobilitatem
684 2410 839 2453 pertinuit
867 2411 947 2444 illud
970 2412 1230 2455 repetundarum
1254 2413 1315 2444 cri-
1442 2412 1535 2451 ἐνδεῆ
1556 2411 1611 2450 τὴν
1634 2413 1796 2462 &refellant
1827 2405 1928 2444 οἶσαν
1957 2412 2096 2453 ἆρρητοι
2124 2414 2181 2444 καὶ
2208 2413 2339 2446 ἄπιστοι
2368 2416 2539 2457 δυστυχίαι

220 2461 298 2482 men
323 2451 366 2482 cf.
393 2450 510 2483 Drum.
534 2454 576 2493 3,
598 2454 651 2487 86.
674 2455 726 2487 89.
750 2452 861 2486 Etiam
884 2454 1005 2487 Cicero
1030 2456 1193 2499 Appium,
1216 2465 1316 2499 quem
1441 2457 1606 2496 κατεῖχον,
1630 2455 1695 2487 ὑπο
1716 2455 1779 2487 τῶν
1799 2454 1943 2489 τελωνῶν
1957 2455 2013 2488 καὶ
2029 2454 2093 2489 τῶν
2108 2455 2287 2490 δανειστῶν
2302 2459 2535 2503 πορθουμένην

218 2494 332 2527 multis
367 2494 453 2527 locis
488 2501 629 2528 testatur
662 2502 767 2529 totam
797 2496 869 2529 fere
898 2500 1107 2541 provinciam
1140 2500 1314 2537 evertisse,
1440 2498 1497 2530 καὶ
1529 2498 1865 2542 ἀνδραποδιζομένην,
1895 2501 2091 2540 πιπράσκειν
2119 2500 2204 2550 ἰδίᾳ,
2222 2500 2287 2542 μέν
2306 2501 2395 2536 vlatis-
2416 2503 2532 2554 adrepe·

218 2547 320 2579 quum
345 2538 373 2569 is
397 2548 419 2569 a
441 2536 624 2571 Dolabella
644 2546 879 2579 accusaretur,
901 2551 969 2582 ope
991 2552 1052 2573 sua
1074 2542 1215 2580 adiuvit,
1238 2542 1316 2584 quia
1442 2541 1531 2578 πεῖς,
1565 2541 1753 2583 θυγατέρας
1785 2551 1817 2572 τε
1849 2543 2043 2585 παρθένονς,
2083 2542 2227 2585 &wama
2259 2541 2297 2573 δ’
2326 2543 2532 2586 ἀναθηματα,

215 2579 291 2623 ipse
322 2579 369 2613 illi
400 2589 470 2613 nou
493 2580 644 2614 inimicus
668 2586 749 2615 erat.
796 2582 860 2616 Jus
884 2588 994 2615 autem
1017 2584 1124 2626 ipsum
1148 2589 1182 2616 et
1203 2585 1315 2617 imme-
1441 2581 1586 2636 γραφὰς,
1609 2583 1716 2627 ἃεροῠς
1731 2583 1928 2627 ἀνδριάντας
1943 2584 2236 2628 ἀναγκαζομένων·
2260 2585 2369 2620 αὐτοῖς
2391 2597 2424 2618 τι
2445 2587 2533 2622 τέλος

216 2623 282 2656 rita
312 2624 515 2665 provinciae
544 2624 718 2657 calamitas
748 2635 791 2657 ne
820 2625 867 2656 ita
890 2625 1023 2666 quidem
1051 2626 1244 2659 Ciceronem
1268 2632 1314 2658 te·
1441 2638 1506 2669 μιν
1526 2623 1568 2665 νῖν
1588 2626 1787 2671 προσθέτοις
1809 2628 2000 2669 γενομένοις
2023 2627 2196 2659 δουλεύειν.
2217 2638 2247 2659 κ.
2270 2638 2296 2659 τ.
2317 2628 2347 2661 λ.
2381 2627 2435 2669 Da
2456 2639 2533 2671 pro·

218 2665 335 2709 tigisse
357 2665 538 2706 videatur,
570 2671 605 2700 ut
626 2668 698 2700 eius
721 2668 768 2700 rei
798 2668 1002 2700 mentionem
1031 2667 1217 2702 faciendam
1240 2679 1316 2702 esse
1441 2668 1629 2700 vinciarum
1661 2667 1853 2701 calamitate
1875 2668 1919 2702 ct'.
1941 2667 2147 2713 negewisch
2170 2661 2269 2703 Uber
2297 2669 2330 2703 d.
2360 2669 2534 2705 85111..Ρί-

217 2715 358 2750 putaret.
384 2708 427 2741 ct'.
452 2708 573 2742 cicero
596 2709 642 2742 ad
664 2711 730 2742 Λη-
753 2712 791 2749 6,
821 2712 860 2749 2,
883 2711 937 2744 20.
963 2711 1067 2744 Caelii
1091 2722 1145 2754 ep.
1169 2712 1213 2746 ad
1236 2712 1313 2745 fam.
1441 2719 1539 2743 nanz.
1575 2719 1604 2742 c.
1630 2707 1700 2742 vn.

216 2751 256 2791 8,
280 2753 308 2786 7.
333 2757 366 2786 et
387 2762 592 2796 responsum
614 2751 657 2787 ib.
682 2753 722 2793 2,
748 2755 797 2789 13.
1401 2776 1460 2816 Μ)
1484 2775 1605 2806 Vellei.
1630 2774 1670 2813 2,
1696 2775 1755 2813 u,
1777 2775 1809 2807 2·

175 2815 235 2857 ¹⁰⁰)
259 2814 348 2847 ΡΜ·
371 2815 502 2848 Luam·
528 2815 559 2848 ⁷·
911 2872 914 2874 ,
1400 2839 1458 2881 ¹⁰³)
1482 2837 1536 2871 De
1549 2837 1691 2871 Catilina
1713 2849 1745 2872 v.
1758 2839 1884 2872 Ascon.
1908 2837 1953 2872 ad
1975 2849 2025 2872 or.
2048 2838 2081 2873 iu
2105 2844 2173 2915 tog.
2197 2837 2294 2873 caud.
2318 2849 2351 2883 p.
2374 2837 2427 2872 86.
2461 2835 2537 2881 Or„

178 2881 235 2921 ¹⁰¹)
260 2879 304 2912 id.
336 2891 364 2912 c.
389 2880 440 2913 20.
486 2882 689 2916 Λούκουλλος
718 2881 755 2914 δὲ
787 2884 936 2925 τρέπεται
964 2881 1046 2926 πρὸς
1075 2883 1129 2917 τὰς
1162 2886 1198 2916 ἐν
1222 2884 1311 2927 Ἀσίᾳ
1437 2882 1481 2914 de
1504 2881 1648 2914 Gabinio
1671 2881 1846 2914 Drumnnn
1869 2882 1993 2915 Gescli.
2019 2882 2124 2916 Rom
2168 2907 2179 2923 ,
2202 2893 2235 2926 p.
2261 2881 2314 2914 53.
2339 2892 2412 2927 sqq.

216 2924 332 2962 πόλεις,
356 2923 452 2963 ὅπως,
476 2926 538 2958 τῶν
552 2926 740 2968 πολεμικῶν
755 2926 866 2970 ἔργων
886 2926 1101 2967 σχολάζοντος
1121 2927 1228 2965 αὐτοῦ,
1252 2929 1310 2959 καί
1398 2926 1456 2967 ¹⁰⁴)
1480 2924 1602 2959 Cicero
1624 2925 1668 2959 ad
1690 2926 1759 2958 Aa.
1783 2926 1825 2966 5,
1846 2924 1900 2958 21.
