2720 3402
194 110 293 163 ω
323 181 325 183 ,

196 259 260 305 Μ.
295 251 485 305 Attilio,
527 251 603 311 qui
635 246 963 294 demaiestate
997 246 1238 293 damnatus
1272 254 1368 304 est,
1412 248 1500 293 hoc
1531 247 1718 308 planum
1749 246 1922 293 factum
1953 253 2049 303 est,
2085 261 2171 299 eos
2203 251 2444 310 pecuniam
2477 252 2536 304 ob

197 348 296 380 rem
328 323 616 375 iudicandam
647 317 911 382 accepisse3
944 320 1069 381 quod
1099 319 1280 368 inventi
1314 327 1421 368 sunt
1451 325 1704 377 senatores,
1737 318 1818 381 qui
1849 319 1902 367 G.
1931 319 2083 370 Verre
2115 328 2332 384 praetore
2363 325 2539 372 urbano

198 402 446 455 sortiente,
479 394 661 442 exirent
691 393 741 439 in
773 407 878 439 eum
910 408 1066 451 reum,
1101 409 1240 455 quem
1270 393 1503 456 incognita
1535 407 1696 439 caussa
1726 393 2020 451 damnarent3
2063 394 2185 455 quod
2216 394 2439 451 inventus
2467 402 2540 444 est

199 484 399 528 senator,
432 468 523 530 qui,
553 483 695 529 quum
727 465 872 513 iudex
905 472 1046 524 esset,
1079 467 1129 515 in
1162 468 1328 515 eodem
1360 466 1530 514 iudicio
1563 472 1611 514 et
1643 467 1698 512 ab
1731 482 1814 513 reo
1846 466 2090 529 pecuniam
2123 466 2371 531 acciperet,
2404 485 2539 530 quam

200 548 426 600 iudicibus
458 541 707 597 divideret,
741 546 790 587 et
815 542 872 587 ab
906 547 1190 598 accusatore,
1222 548 1275 588 ut
1302 556 1432 587 reum
1463 540 1745 588 damnaret.“
1794 539 1890 587 His
1920 545 2064 602 atque.
2091 539 2357 598 huiusmodi
2386 543 2539 605 plura,

200 638 313 687 qnae
346 622 454 665 sunt
486 615 610 677 apud
642 614 943 671 Ciceronem,
965 614 1028 676 20)
1059 614 1391 677 ‚reputantibus
1423 613 1611 660 dubium
1643 627 1736 659 non
1768 619 1869 659 erat
1908 613 2241 677 rempublicam
2281 619 2406 661 stare
2449 630 2542 664 uon

198 710 362 760 posse,
405 689 496 735 nisi
529 689 587 733 ad
619 694 885 748 equestrem
918 688 1128 734 ordinem
1161 688 1330 733 iudicia
1362 688 1659 733 referrentur.
1682 685 1743 747 ²¹)
2292 741 2297 750 ι

403 764 555 822 Atque
588 760 680 807 iam
712 759 919 814 Sullanis
951 759 1238 821 temporibus
1272 758 1535 821 praevideri
1566 758 1736 821 potuit,
1777 757 1985 806 ordinem
2019 766 2305 821 equestrem,
2335 761 2544 822 quamvis

199 840 422 887 afflictum
455 833 824 896 proscriptione,
857 832 1180 894 privatumque
1211 832 1296 887 iis,
1330 832 1494 891 quibus
1525 838 1661 877 antea
1691 831 1860 887 valuit,
1892 831 2178 893 privilegiis,
2225 839 2379 879 tamen
2411 834 2543 880 brevi

198 913 388 959 easdem
420 907 548 953 vires
581 912 985 966 recuperaturum3
1029 903 1070 949 si
1102 902 1287 962 quidem
1321 920 1376 948 ea
1407 904 1618 964 quidem,
1662 919 1776 963 quae
1809 903 2056 966 generibus
2088 904 2360 965 quibusdam
2403 906 2543 953 certis

199 985 479 1037 continetur,
511 978 728 1026 nobilitas
759 975 995 1037 exstingui
1026 981 1237 1036 tempore
1270 982 1441 1036 potest,
1478 975 1673 1024 divitum
1704 982 1858 1024 autem
1889 993 1993 1024 cum
2024 976 2129 1038 ipsa
2159 977 2348 1033 civitate
2377 985 2428 1024 et
2458 995 2545 1025 nu-

202 1072 359 1107 merus
408 1060 456 1101 et
494 1050 702 1115 potentia
749 1048 930 1094 crescit.
1010 1047 1164 1110 Quum
1212 1046 1334 1095 enim
1383 1047 1539 1094 statim
1586 1055 1694 1111 post
1736 1049 1894 1097 Sullae
1940 1056 2135 1097 mortem
2183 1055 2389 1112 pateret,
2438 1066 2544 1098 esse

203 1133 440 1179 etiamtum
472 1124 691 1185 quasdam
721 1121 771 1167 in
803 1120 991 1167 civitate
1023 1128 1182 1182 partes
1217 1120 1412 1180 equites,
1450 1120 1575 1181 iique
1606 1122 1767 1184 paucis
1801 1122 1931 1170 annis
1963 1129 2148 1170 veteres
2181 1123 2307 1170 vires
2339 1124 2546 1186 recepis-

205 1210 334 1260 sent,
378 1196 577 1247 dubitari
608 1210 702 1243 non
733 1193 888 1257 potuit
920 1194 976 1240 ab
1008 1192 1339 1256 prudentibus,
1377 1193 1512 1255 quin,
1544 1193 1635 1255 nisi
1667 1200 1804 1242 vetus
1837 1194 2035 1258 dignitas
2069 1194 2298 1257 equitibus
2328 1195 2546 1244 restitue-

203 1286 355 1329 retur,
399 1287 624 1319 summum
668 1267 916 1315 discrimen
958 1267 1221 1314 immineret
1261 1268 1318 1312 ab
1359 1266 1419 1311 iis
1459 1267 1767 1324 adversariis,
1810 1269 1976 1330 quibus
2007 1285 2067 1315 ne
2108 1269 2178 1316 illi
2219 1270 2427 1331 quidem,
2468 1270 2548 1332 qui

201 1345 490 1399 Gracchanis
522 1341 811 1404 temporibus
844 1347 976 1387 erant
1007 1339 1279 1403 optimates,
1311 1339 1532 1386 resistere
1564 1340 1841 1402 potuissent.
1904 1341 1946 1387 Ii
1976 1341 2143 1403 igitur,
2183 1343 2286 1404 qui,
2320 1343 2409 1390 etsi
2440 1343 2549 1390 Sul-

202 1426 355 1470 lanam
385 1417 670 1479 reipublicae
703 1413 1075 1460 constitutionem
1108 1413 1276 1459 durare
1307 1429 1402 1459 non
1433 1428 1573 1474 posse
1605 1413 1927 1475 intelligebant
1937 1409 1965 1470 ‚‘
1992 1420 2161 1471 tamen,
2194 1430 2376 1476 quoquo
2408 1416 2545 1462 modo

204 1494 312 1543 fieri
352 1489 527 1555 potuit,
569 1503 715 1551 penes
757 1487 1001 1548 optimates
1041 1502 1149 1532 esse
1190 1486 1499 1547 gubernacula
1539 1485 1822 1548 reipublicae
1866 1485 2134 1549 cupiebant,
2178 1486 2546 1536 coniunctionem

207 1568 445 1626 utriusque
479 1560 679 1617 ordinis,
710 1560 753 1606 si
786 1575 878 1606 non
910 1559 1059 1615 illam,
1103 1573 1219 1619 quae
1253 1559 1408 1605 fuerat
1438 1565 1545 1605 ante
1578 1558 1782 1606 Gracchi
1812 1565 2046 1622 tempora,
2088 1566 2136 1606 at
2166 1566 2320 1607 tamen
2350 1562 2548 1623 aliquam

206 1636 540 1689 restituendam
571 1649 678 1680 esse
709 1633 997 1680 sentiebant=
1040 1632 1119 1693 qui
1150 1631 1315 1695 populi
1356 1646 1564 1678 caussam
1606 1638 1767 1678 contra
1807 1632 2054 1694 optimates
2091 1641 2414 1696 susceperant,
2437 1641 2550 1691 ·aut,

206 1721 259 1761 ut
290 1721 389 1758 tum
420 1709 526 1755 fieri
559 1712 775 1768 coeptum
807 1713 901 1760 est,
941 1704 1102 1765 specie
1135 1702 1459 1765 popularitatis
1490 1705 1677 1749 turbare
1719 1705 2050 1765 rempublicam
2093 1705 2550 1768 conflictantibusque

203 1784 417 1848 ¹partibus
450 1780 719 1841 superiores
752 1777 953 1823 evadere
987 1776 1079 1837 ipsi
1113 1775 1473 1832 contenderunt,
1505 1774 1621 1822 nihil
1654 1775 1883 1837 antiquius
1915 1776 2087 1824 habere
2116 1777 2368 1834 debebant,
2388 1795 2558 1840 .quam‚2

208 1866 262 1906 ut
304 1852 597 1903 concordiam
640 1856 828 1898 senatus
870 1849 1166 1909 equitumque
1208 1847 1491 1894 dirimerent.
1564 1847 1699 1896 Unus
1741 1854 1862 1905 erat,
1911 1848 1990 1909 qui
2017 1854 2253 1911 [utrosque
2296 1850 2549 1908 coniunxit,

207 1931 436 1978 bellorum
469 1924 676 1971 civilium
708 1928 882 1978 metuS,
915 1920 1088 1982 quippe
1120 1919 1303 1981 utrique
1336 1936 1472 1982 pares
1505 1918 1704 1977 divitiis,
1739 1920 1931 1967 vastatis
1963 1920 2233 1985 provinciis,
2265 1922 2443 1970 incerto
2475 1931 2549 1971 to-

205 2004 300 2049 tius
341 1999 506 2048 Italiae
548 2003 696 2052 statu,
745 2011 905 2057 parem
947 1994 1234 2039 fortunarum
1274 1992 1494 2040 iacturam
1537 1992 1922 2040 extimescebantz
1944 1993 2005 2055 2²)
2052 1996 2197 2042 multa
2238 2003 2393 2054 erant,
2435 2012 2551 2058 quae

209 2091 351 2137 supra
389 2068 651 2133 explicavi,
701 2084 818 2130 quae
851 2074 1071 2128 utrosque
1114 2065 1448 2112 disiunxerunt.
1510 2065 1717 2113 Alterius
1758 2066 1904 2130 partis
1946 2066 2175 2130 principio
2216 2069 2313 2116 dux
2355 2076 2403 2115 et
2441 2087 2552 2133 pro-

211 2152 439 2211 pugnator
466 2142 735 2204 Pompeius,
769 2146 817 2187 et
848 2146 1094 2203 postquam
1126 2145 1173 2185 et
1202 2138 1277 2185 hic
1308 2145 1518 2186 senatum
1551 2139 1772 2198 deseruit,
1806 2140 1985 2197 Cicero,
2014 2140 2208 2188 alterius
2235 2143 2408 2191 Caesar
2438 2151 2552 2190 erat,

215 2223 423 2283 Quorum
454 2223 507 2263 ut
536 2216 759 2277 cuiusque
791 2221 871 2261 aut
904 2213 1023 2280 ratio
1057 2212 1237 2259 ferebat
1267 2219 1346 2259 aut
1377 2213 1563 2260 valebat
1592 2213 1866 2270 auctoritas,
1902 2221 1982 2261 aut
2013 2214 2200 2262 sedatae
2234 2222 2341 2263 sunt
2368 2222 2451 2264 aut
2481 2216 2554 2263 in-

212 2294 381 2340 citatae
415 2290 671 2335 discordiae
706 2286 881 2334 ordinis
913 2285 1182 2347 utriusque,
1225 2286 1331 2331 dum
1365 2293 1560 2347 utroque
1591 2302 1620 2332 a
1653 2288 1852 2334 Caesare
1881 2286 2093 2333 subiecto
2127 2295 2176 2335 et
2211 2286 2437 2351 dignitate
2470 2305 2553 2337 sua

216 2367 425 2429 privato,
471 2369 625 2407 certus
658 2368 706 2407 et
736 2359 1009 2420 tranquillus
1042 2358 1282 2420 utriusque
1315 2366 1462 2405 status
1494 2360 1581 2405 sub
1613 2359 1823 2422 Augusto
1856 2359 2004 2406 factus
2034 2368 2123 2407 est.

421 2437 467 2482 3.
510 2435 641 2496 Quae
674 2448 813 2515 Ἥρωι
844 2432 908 2478 ita
940 2438 1111 2496 essent,
1148 2433 1267 2478 duae
1299 2432 1520 2494 deinceps
1553 2432 1612 2477 ad
1643 2432 1866 2494 populum
1897 2418 2161 2494 rogationes
2193 2436 2399 2496 perlatae
2428 2442 2553 2492 sunt,

214 2512 364 2559 altera
393 2508 478 2554 Gn.
504 2507 718 2568 Pompeu
751 2505 810 2551 de
842 2505 1127 2552 restituenda
1156 2504 1402 2551 tribunicia
1432 2509 1681 2568 potestate,
1715 2504 1860 2562 altera
1889 2503 1946 2551 L.
1973 2506 2085 2552 Aur.
2113 2505 2292 2565 Cottae,
2324 2509 2553 2570 praetoris

214 2602 255 2632 a.
288 2583 367 2638 70,
411 2581 471 2626 de
504 2578 732 2625 mutandis
773 2577 971 2623 iudiciis.
1036 2578 1240 2639 Quarum
1283 2578 1332 2624 in
1373 2578 1529 2640 priore
1572 2578 1852 2640 perferenda
1891 2595 2029 2641 quum
2071 2595 2220 2641 neque
2253 2580 2311 2643 Q.
2346 2581 2551 2637 Catulus,

214 2661 537 2721 propugnator
578 2651 657 2696 ille
701 2650 989 2713 optimatium
1008 2651 1070 2712 2³)
1112 2651 1422 2714 princepsque
1456 2651 1676 2697 Sullanae
1709 2651 1945 2709 factionis,
1967 2653 2030 2715 2⁴)
2071 2660 2264 2716 negaret
2294 2654 2343 2700 in
2374 2663 2551 2712 senatu,

220 2818 248 2838 ιο
288 2815 358 2847 Act.
383 2812 407 2853 1,
426 2823 459 2845 c.
487 2812 538 2851 14,
566 2810 617 2844 15.
663 2807 702 2842 n.
729 2808 758 2848 1,
780 2808 813 2847 2,
836 2808 869 2842 8.
913 2816 966 2851 pr.
987 2806 1116 2841 Cluent-
1139 2808 1193 2843 22.
1376 2808 1393 2940 ι
1429 2810 1475 2851 ²⁸)
1497 2807 1579 2842 Sall.
1602 2807 1725 2842 Histor-
1750 2810 1780 2849 1,
1802 2820 1836 2853 p.
1863 2811 1925 2845 182
1947 2810 2038 2845 Gerl.

220 2862 234 2881 ²
288 2858 321 2889 in
344 2856 441 2888 Vere.
465 2854 505 2895 n,
528 2855 560 2894 3,
579 2854 638 2892 96,
662 2852 737 2886 m
761 2852 837 2885 224.
1431 2855 1475 2894 ²⁴)
1502 2852 1793 2885 Pseudo-Ascon-
1817 2853 1850 2885 ln
1874 2855 1948 2886 Act.
1973 2855 2000 2887 ll
2029 2854 2062 2886 in
2084 2853 2223 2887 Verrem
2257 2864 2291 2896 p·
2312 2854 2380 2888 200
2402 2851 2463 2889 Or.
2516 2856 2556 2889 πὶ

221 2904 249 2927 22
289 2910 323 2933 v,
346 2904 416 2932 not.
437 2899 491 2933 64.
1473 2896 1586 2941 πρῶτα
1606 2897 1660 2937 τῆς
1681 2898 1804 2939 βουλῆς.
1849 2895 1925 2931 Dio.
1949 2898 2005 2937 36,
2030 2898 2080 2931 13.

239 2817 265 2944 &Qu
