2720 3402
153 60 249 114 28

156 222 376 269 separare
411 222 438 253 a
470 206 635 253 ceteris
668 203 835 266 coepit.
900 204 1031 261 Inde,
1065 205 1143 266 qui
1175 205 1435 261 Praetorio,
1469 202 1733 260 consulari,
1766 202 2012 251 Senatorio
2045 219 2217 265 genere
2251 206 2342 253 orti
2372 211 2493 262 sunt,

155 295 264 336 non,
298 282 421 340 quod
454 286 593 333 erant,
628 276 822 337 equites,
857 278 940 323 sed
974 278 1296 325 adolescentes
1330 279 1509 325 nobiles
1542 277 1846 338 appellantur,
1869 277 1930 338 ⁴⁴)
1962 278 2105 323 latum
2138 278 2342 337 clavum,
2376 279 2493 341 „qui

156 352 402 416 distinguit
433 354 487 398 ab
520 349 674 410 equite
708 349 880 396 curiam
894 355 939 407 “,
963 350 1023 414 45)
1057 350 1277 408 induunt,
1301 350 1360 413 ⁴⁶)
1402 350 1473 397 his
1506 349 1700 411 aliisque
1734 355 1895 411 aperte
1929 348 2267 411 significantes,
2300 366 2352 398 se
2384 367 2493 413 per-

154 426 306 473 tinere
340 427 395 471 ad
427 423 635 470 ordinem
668 424 967 471 senatorium.
1016 425 1280 480 Postremo,
1313 438 1450 486 quum
1470 424 1706 485 Augustus
1739 421 1900 468 liberis
1934 429 2212 480 senatorum,
2245 439 2334 485 quo
2367 426 2491 472 cele-

156 499 253 545 rius
284 496 564 558 reipublicae
598 497 944 555 adsuescerent,
977 498 1191 560 protinus
1224 497 1403 543 virilem
1434 501 1612 556 togam,
1646 497 1788 541 latum
1820 495 2000 540 clavum
2032 494 2226 542 induere
2260 504 2307 543 et
2339 497 2494 544 curiae

157 571 379 617 interesse
412 569 731 631 permisisset,
757 570 817 633 ⁴⁷)
868 570 1008 618 etiam
1042 572 1146 632 lege
1179 570 1249 627 id,
1293 568 1412 630 quod
1444 582 1532 614 usu
1563 567 1846 625 invaluerat,
1889 573 2096 614 sanctum
2137 569 2338 632 novique
2378 584 2494 617 non·—

153 642 264 689 nihil
307 642 545 706 privilegii
585 644 806 691 additum.
873 644 971 690 Sub
1014 641 1367 707 imperatoribus
1409 640 1533 686 enim
1565 648 1839 688 *senatorum
1881 641 2016 687 liberi
2058 648 2107 688 et
2147 649 2354 688 senatum
2398 644 2494 689 fre-

152 716 434 775 quentabant
467 722 514 762 et
546 717 690 763 latum
724 718 906 763 clavum
940 719 1167 763 habebant
1200 722 1247 761 et
1277 717 1332 760 ab
1367 714 1597 776 equitibus
1624 715 1762 760 etiam
1787 714 1972 760 nomine
2003 715 2493 778 destinguebantur.⁴⁹)

149 788 223 834 De
257 804 347 849 quo
382 805 467 835 suo
501 791 605 836 loco
639 790 821 837 dicetur
853 790 1061 852 amplius.

1142 1026 1333 1089 cap.
1393 1027 1496 1078 Π.

671 1124 1077 1176 controversiae
1116 1123 1181 1172 de
1218 1124 1425 1172 iudiciis
1461 1137 1630 1189 usque
1663 1123 1730 1173 ad
1767 1122 1980 1176 Sullam.

154 1238 194 1284 l.
228 1226 379 1289 Haec
421 1239 581 1300 paullo
626 1240 762 1285 altius
805 1238 1057 1299 repetenda
1089 1238 1387 1294 videbantur,
1431 1253 1569 1298 quum
1603 1244 1650 1284 et
1693 1237 2015 1285 deficientibus
2051 1237 2373 1285 historicorum
2416 1245 2487 1284 te-

148 1310 379 1358 stimoniis
423 1327 484 1357 ex
529 1319 703 1358 eventu
745 1328 922 1368 rerum,
966 1311 1112 1372 qualis
1144 1327 1221 1357 res
1263 1310 1393 1373 ipsae
1426 1311 1623 1368 suerint,
1666 1310 2001 1358 coniiciendum
2035 1311 2117 1369 sit,
2154 1318 2201 1358 et
2242 1312 2299 1358 ad
2340 1311 2487 1358 histo-

145 1384 260 1429 riam
294 1384 524 1429 bellorum
558 1385 765 1430 civilium
797 1392 922 1431 recte
955 1384 1323 1445 intelligendam,
1360 1385 1519 1445 quales
1552 1399 1758 1444 quaeque
1792 1384 2074 1446 reipublicae
2108 1391 2265 1446 partes
2298 1385 2486 1441 fuerint,

144 1458 293 1518 probe
336 1457 397 1502 sit
429 1458 696 1503 tenendum.
760 1457 931 1503 Dicunt
963 1474 1018 1503 eo
1051 1465 1285 1519 tempore,
1328 1473 1466 1517 quum
1499 1455 1717 1503 Tiberius
1751 1455 1990 1503 Gracchus
2032 1456 2305 1503 interfectus
2348 1464 2487 1514 esset,

146 1529 415 1591 Scipionem
448 1529 496 1576 in
514 1530 748 1591 Hispania
775 1530 1055 1576 Celtiberum
1088 1529 1328 1591 quendam,
1363 1529 1580 1575 'l'iresum
1612 1528 1812 1584 nomine,
1845 1529 2171 1591 interrogasse,
2204 1529 2368 1590 quibus
2399 1547 2486 1593 po-

147 1601 379 1646 tissimum
417 1602 593 1647 caussis
628 1603 801 1647 factum
838 1618 939 1646 esse
972 1609 1179 1664 putaret,
1222 1610 1275 1646 ut
1306 1609 1353 1645 et
1383 1602 1559 1646 tamdiu
1590 1601 1831 1645 resisteret
1862 1600 2131 1657 Numantia,
2174 1609 2221 1646 et
2252 1610 2486 1664 postremo

146 1770 190 1810 ⁴⁴)
216 1767 286 1801 Cic.
310 1767 458 1811 Philipp.
483 1770 521 1804 ⁶2,
546 1770 576 1801 7.
622 1767 726 1803 Quis
755 1768 862 1799 enim
895 1778 1023 1810 eques
1051 1767 1284 1806 Romanus,
1399 1771 1540 1806 retur,
1577 1771 1617 1797 et
1651 1764 1819 1807 quidem
1853 1765 2050 1799 fluxiore
2088 1767 2298 1800 cinctura.
2358 1768 2482 1802 Unde

189 1812 307 1852 quis,
330 1818 510 1854 praeter
533 1817 586 1850 te,
609 1811 879 1844 adolescens
903 1811 1082 1850 nobilis,
1107 1811 1200 1853 quis
1224 1810 1284 1843 ul·
1399 1820 1627 1843 emanasse
1649 1809 1800 1842 Sullae
1823 1809 2002 1850 dictum,
2033 1811 2271 1853 optimates
2300 1813 2480 1855 saepius

188 1854 272 1888 lius
310 1855 498 1894 ordinis,
546 1855 615 1897 qui
656 1865 702 1888 se
741 1855 872 1886 civem
919 1854 1200 1893 meminisset,
1245 1854 1282 1885 in
1399 1852 1881 1893 admonentis,utmale
1904 1854 2195 1897 praecinctum
2218 1865 2389 1897 puerum
2411 1866 2479 1888 ca·

186 1898 314 1930 Clivo
339 1898 601 1941 Capitolino
624 1910 705 1931 non
729 1898 829 1930 suit?
864 1903 938 1939 post
962 1897 1215 1935 red.inSen.5,
1233 1899 1280 1931 12.
1397 1901 1561 1929 vetent.
1608 1895 1651 1928 id.
1675 1895 1797 1929 Octav.
1821 1898 1873 1932 94.
1918 1898 2109 1931 Sumenti
2131 1898 2307 1931 virilem
2336 1904 2480 1942 togam

185 1941 506 1974 adolescentes
538 1941 809 1973 nobilissimi
838 1941 1073 1983 cunctique
1101 1940 1280 1982 equites
1397 1939 1543 1971 tunica
1575 1939 1652 1971 lati
1685 1939 1821 1980 clavi,
1854 1946 2004 1973 resuta
2035 1951 2085 1972 ex
2118 1946 2296 1984 utraque
2331 1948 2478 1985 parte,

184 1984 374 2018 Romani.
410 1984 539 2018 Caesar
564 1984 605 2017 B.
621 1985 702 2025 (3.1,
725 1986 777 2019 23.
804 1985 986 2024 Caesar,
1012 1984 1080 2016 ubi
1106 1984 1279 2023 illuxit,
1396 1995 1414 2016 u
1427 1983 1447 2015 d
1481 1982 1614 2026 pedes
1637 1982 1810 2016 decidit.
1856 1982 1999 2018 Ovidius
2030 1985 2128 2017 etiam
2152 1984 2256 2018 tribus
2279 1991 2479 2028 ‹piattuorve

185 2040 331 2061 omnes
353 2034 594 2061 senatores
617 2034 957 2070 senatorumque
981 2028 1169 2067 liberos,
1201 2028 1278 2059 tri·
1396 2027 1491 2060 annis
1523 2032 1599 2069 post
1630 2037 1771 2070 pugnam
1794 2029 1987 2067 Actiacam,
2019 2028 2039 2060 i.
2063 2039 2091 2061 e.
2115 2034 2193 2061 ante
2224 2029 2316 2072 leges
2340 2031 2479 2072 Augusti

185 2072 320 2105 hunos
343 2073 519 2106 militum
545 2073 797 2114 equitesque
816 2072 1023 2105 Romanos
1046 2071 1092 2104 ad
1118 2083 1160 2104 se
1183 2082 1277 2114 pro·
1398 2072 1446 2110 (v.
1471 2075 1527 2103 not
1562 2071 1619 2112 47)
1643 2081 1717 2103 cum
1740 2076 1774 2103 to
1797 2083 1817 2105 a
1840 2071 1924 2105 virili
1947 2071 2048 2104 latum
2072 2071 2203 2105 clavum
2226 2073 2376 2116 sumpsit.
2409 2071 2477 2107 Ον.

186 2116 282 2145 duci
305 2116 433 2145 iubet.
479 2116 615 2146 Erant
638 2116 855 2151 senatorii
877 2116 1046 2146 ordinis
1072 2115 1111 2145 1..
1139 2115 1276 2145 Domi·
1395 2114 1449 2145 Tr.
1464 2117 1493 2150 4,
1521 2116 1569 2151 10,
1592 2116 1730 2146 35—4o.
1782 2115 1975 2147 (onferenda
1998 2121 2049 2146 est
2071 2116 2138 2147 alia
2159 2117 2211 2147 lex
2225 2118 2365 2157 Augusti
2387 2117 2478 2158 apud

188 2158 293 2198 tius,
317 2157 356 2191 P.
383 2156 596 2191 Lentulus
621 2157 854 2203 Spinther,
884 2157 922 2191 L.
947 2156 1171 2191 Vibullius
1195 2156 1276 2191 Ru-
1394 2154 1492 2189 Dion.
1516 2157 1569 2197 49,
1595 2156 1643 2191 16.
1678 2156 1734 2197 τήν
1755 2158 1877 2199 ἐσθῆτα
1899 2158 1954 2200 τὴν
1977 2157 2119 2204 ἁλουργῆ
2139 2159 2265 2202 μηδένα
2287 2158 2393 2200 ἄλλον,
2416 2161 2475 2199 ἔξω

187 2203 275 2241 fus,
309 2203 343 2234 S.
377 2201 649 2237 Quinctilius
673 2203 830 2241 Varus,
865 2208 1096 2243 quaestor,
1132 2202 1171 2234 L.
1195 2201 1277 2233 Ru·
1394 2202 1458 2233 τῶν
1474 2201 1649 2241 βουλευτῶν
1669 2201 1732 2233 τῶν
1752 2215 1783 2234 τε
1807 2204 1843 2234 ἐν
1866 2205 1935 2237 ταῖς
1959 2202 2077 2244 ἀρχαῖς
2092 2203 2194 2234 ὄντων
2216 2205 2390 2236 ἐνδύεσθαι
2405 2206 2473 2237 ἐκέ-

186 2246 322 2277 brius:
355 2250 590 2287 praeterea
614 2245 740 2278 silius
767 2246 948 2278 Domitii
971 2246 1137 2286 aliique
1161 2255 1276 2276 com-
1393 2245 1509 2277 λιυσιν.
1554 2244 1613 2283 ἤδη
1642 2247 1707 2286 γάρ
1737 2256 1818 2280 τινες
1854 2247 1908 2278 καὶ
1937 2246 2000 2277 τῶν
2029 2248 2188 2288 τυχόντων
2216 2247 2294 2292 αὐτῇ
2325 2249 2475 2290 ἐχρῶντο.

185 2289 331 2331 plures
376 2288 695 2319 adolescentes
740 2294 784 2319 et
828 2299 892 2319 mu
938 2299 1021 2319 nus
1066 2299 1275 2320 numerus
1393 2287 1541 2319 stantem
1555 2286 1598 2317 de
1612 2287 1829 2330 conchyliatis
1843 2288 1989 2320 vestibus
2002 2288 2475 2330 legemiamcaesardederat.

184 2331 374 2374 equitum
398 2331 697 2362 Romanorum.
743 2331 869 2363 Caesar
900 2331 909 2363 i
935 2356 942 2362 .
970 2333 1006 2370 l,
1039 2333 1091 2365 51.
1136 2330 1274 2363 Erant
1392 2329 1546 2362 Ceterum
1570 2328 1612 2361 de
1634 2329 1809 2363 laticlaviis
1831 2341 1863 2364 v.
1888 2330 1929 2364 ΙΙΙ
1954 2341 1981 2363 c.
2005 2333 2025 2364 4
2048 2332 2075 2374 §.
2098 2333 2129 2366 3.

182 2374 433 2418 complures
456 2373 634 2406 honesti
657 2373 987 2415 adolescentes,
1021 2380 1274 2407 senatorum
1351 2374 1396 2416 Η)
1420 2373 1512 2405 Suet.
1538 2370 1615 2405 Oct.
1638 2373 1689 2406 38.

183 2419 271 2451 filii
300 2423 342 2450 et
367 2417 539 2450 ordinis
563 2418 794 2460 equestris.
840 2417 890 2450 Cf.
915 2418 957 2450 ib.
982 2420 1021 2458 3,
1052 2420 1104 2452 71.
1136 2418 1188 2452 83.
1220 2417 1273 2451 97.
1350 2417 1396 2460 48)
1415 2416 1605 2454 Dio.55‚⁶2.
1638 2417 1877 2460 Δροῦσοςεῖςτε
1890 2417 2474 2462 τόἶ4ρειονπεδίονὺπὸτῶνὶππέων,

182 2462 231 2494 (tf.
257 2462 326 2494 Cic.
351 2473 382 2504 p.
409 2460 525 2492 Plane.
550 2461 581 2492 6.
629 2461 704 2493 Hic
729 2460 896 2492 familia
928 2461 1158 2494 consulari
1189 2467 1274 2499 est,
1392 2461 1455 2492 τῶν
1478 2472 1508 2491 τε
1532 2460 1564 2493 ἐς
1586 2459 1639 2499 τὴν
1658 2461 1787 2492 ἱππάδα
1808 2461 1949 2504 ἀκριβῶς
1975 2463 2147 2493 τελούντων
2160 2463 2215 2493 καὶ
2239 2464 2303 2494 τῶν
2325 2464 2379 2495 τοῦ
2394 2468 2472 2505 βου-

181 2506 258 2538 ille
282 2504 523 2547 praetoria.
556 2504 759 2545 reliquos
783 2503 913 2535 video
937 2515 1034 2535 esse
1065 2515 1112 2536 ex
1145 2515 1274 2548 eque·
1391 2501 1531 2536 λιυτικοὸ
1553 2504 1665 2545 γένους
1688 2504 1788 2535 ὄντων
1811 2504 1945 2547 ἠνέχθη,
1975 2515 2071 2546 quem
2095 2504 2204 2536 locum
2228 2506 2381 2539 Sturzius
2404 2517 2471 2539 non

181 2550 259 2581 stri
282 2549 391 2580 loco.
431 2548 535 2579 Sunt
560 2558 701 2580 omnes
725 2547 817 2579 sine
841 2547 1004 2578 macula
1026 2563 1068 2570 —
1091 2548 1162 2579 sed
1186 2558 1273 2580 ser·
1392 2546 1564 2578 intellexit.
1609 2545 1653 2577 id.
1676 2547 1734 2585 55,
1770 2547 1817 2580 13.
1862 2549 1972 2590 συχνοὶ
1995 2549 2058 2580 τῶν
2088 2551 2265 2581 νεανίσκων
2293 2552 2329 2582 ἐκ
2360 2561 2391 2582 τε
2414 2551 2471 2583 τοῦ

181 2593 272 2625 vari
298 2601 483 2625 necesse
507 2595 573 2623 est
597 2591 777 2634 gradus,
801 2590 930 2622 cedat
953 2590 1181 2624 consulari
1205 2602 1273 2635 ge·
1392 2588 1596 2632 βουλευτικοῦ
1624 2591 1736 2633 γένους
1763 2592 1817 2624 καὶ
1852 2593 1914 2625 τῶν
1944 2592 2048 2624 ἄλλων
2078 2592 2211 2625 ἱππέων.
2254 2592 2299 2626 id.
2324 2592 2385 2633 59,
2416 2594 2469 2628 26.

182 2637 271 2668 neri
306 2635 601 2679 praetorium,
639 2645 714 2666 nec
745 2633 990 2666 contendat
1025 2644 1115 2666 cum
1149 2646 1273 2677 prae-
1392 2636 1424 2666 οἱ
1447 2635 1556 2667 ἱππεῖς
1578 2634 1631 2666 τοῦ
1654 2635 1758 2669 τέλους
1781 2637 1813 2667 οἵ
1834 2647 1864 2668 τε
1887 2637 2025 2678 εὐγενεῖς
2046 2636 2169 2671 παῖδες.
2200 2635 2373 2669 Herodian
2385 2639 2417 2674 4,
2439 2637 2471 2676 2,

183 2680 292 2710 toris
317 2679 490 2711 nomine
515 2683 725 2718 equester
748 2677 882 2708 locus.
930 2676 970 2708 cs.
995 2676 1046 2710 24.
1392 2678 1419 2718 ξ.
1443 2676 1473 2707 4.
1519 2676 1576 2707 τοῦ
1597 2688 1627 2709 τε
1650 2678 1782 2709 ἱππικοῦ
1801 2682 1965 2721 τάγματος
1987 2679 2207 2721 εὐγενέστατοι
2227 2681 2282 2712 καὶ
2305 2681 2358 2718 τῆς
2378 2683 2468 2722 Συγ-

138 2722 184 2762 ⁴⁵)
209 2721 293 2754 Plin.
318 2722 357 2755 ΙΙ,
383 2720 425 2754 N.
450 2724 482 2761 9,
505 2722 559 2754 6⁰.
1391 2721 1505 2759 κλήτου
1527 2720 1678 2752 ἐπίλικτοι
1701 2723 1834 2754 νεανίαι.
1850 2735 1857 2740 -
1880 2720 2008 2757 Quibus
2035 2721 2118 2753 locis
2149 2723 2235 2757 τέλος
2264 2721 2336 2754 sive
2359 2724 2470 2766 τάγμα

139 2768 184 2807 ⁴⁶)
209 2767 300 2798 Suet.
318 2767 412 2798 Caes.
438 2765 490 2798 45.
529 2763 675 2796 Etiam
700 2763 821 2795 cultu
846 2762 1086 2795 notabilem
1112 2763 1177 2796 i'er
1192 2768 1272 2795 unt.
1391 2762 1435 2794 de
1464 2773 1522 2793 sex
1555 2764 1667 2795 turmis
1690 2764 1833 2805 equitum
1857 2776 1942 2808 equo
1965 2765 2097 2808 publico
2119 2764 2257 2804 dicitur,
2289 2765 2332 2797 de
2354 2765 2470 2807 quibus

179 2809 310 2842 Usum
333 2810 440 2841 enim
464 2809 554 2841 lato
579 2807 731 2843 clavo,
768 2806 819 2839 ad
845 2816 990 2838 luanus
1026 2807 1272 2846 fimbriato,
1392 2816 1423 2838 v.
1448 2805 1542 2838 iufra.
1578 2806 1627 2839 Cf.
1653 2807 1727 2840 Dio.
1752 2809 1804 2848 56,
1828 2810 1879 2842 4-2.
1918 2811 1969 2847 74,
1992 2811 2022 2840 Γ».
2056 2811 2109 2847 50,
2131 2811 2162 2840 a.
2198 2810 2250 2847 42,
2273 2810 2325 2843 51.
2359 2811 2413 2851 ot,
2436 2811 2467 2842 8.

178 2863 255 2884 nec
280 2858 321 2883 ut
347 2863 522 2893 unquam
548 2851 694 2897 aliter,
719 2861 839 2892 quam
864 2861 1102 2892 supereum
1126 2852 1272 2893 cinge-
1392 2851 1445 2888 59,
1471 2852 1519 2883 ll.
1556 2852 1646 2884 Suet.
1661 2851 1730 2884 Tib.
1749 2853 1791 2885 35
1814 2853 2024 2885 iuventus
2048 2852 2271 2900 utriusqgne
2294 2853 2470 2889 ordinis.
