2720 3402
176 139 267 193 16

384 284 479 345 Qui
528 284 670 344 igitur
721 297 747 326 a
788 280 930 326 Livio
983 281 1166 342 equites
1208 281 1409 327 Romani
1452 281 1745 344 appellantur
1794 279 1853 325 iis
1895 278 2208 341 temporibus,
2263 287 2381 342 quae
2424 286 2532 328 sunt

180 362 287 403 ante
320 354 586 411 Gracchos,
627 354 955 415 intelliguntur
988 354 1171 414 equites
1205 371 1325 416 equo
1358 355 1568 417 publico,
1611 353 1690 413 qui
1721 353 1979 409 interdum,
2022 358 2075 397 ut
2106 353 2311 405 Marcius
2344 355 2449 410 ille,
2482 355 2531 400 in

178 428 370 476 cohorte
397 425 625 492 praetoris
659 433 808 483 erant,
842 442 1171 488 nonnunquam
1202 427 1492 474 tribunorum
1524 424 1961 488 praefectorumque
1987 441 2179 471 munere
2205 426 2533 489 fungebantur,

176 515 366 547 numero
399 500 557 562 pauci,
607 499 885 547 auctoritate
920 500 1090 546 ceteris
1124 500 1476 563 praecellentes.
1542 497 1615 543 Cf.
1648 496 1756 544 L‘rv.
1790 495 1877 554 39,
1917 496 2003 553 31,
2053 496 2126 543 15.
2159 497 2218 544 de
2252 497 2451 545 victoria
2491 515 2532 546 a.

180 572 272 618 187
304 589 342 618 a.
377 573 485 616 Chr.
520 587 565 617 n.
598 571 648 617 in
680 572 918 633 Hispania
951 579 1110 634 partae
1143 572 1342 619 Romani
1374 570 1578 631 sociique
1611 570 1770 632 paullo
1802 570 1910 632 plus
1944 569 2156 616 sexcenti
2189 576 2237 616 et
2268 570 2534 633 provincia-

177 645 287 689 lium
320 643 602 701 auxiliorum
634 650 823 688 centum
855 644 1187 705 quinquaginta
1219 646 1366 690 ferme
1399 642 1681 698 ceciderunt,
1715 641 1890 686 tribuni
1922 641 2120 687 militum
2137 642 2349 704 'quinque
2376 643 2534 690 amissi

176 721 224 761 et
255 714 393 776 pauci
435 714 620 776 equites
652 714 853 761 Romani
887 724 1107 763 cruentae
1140 717 1341 762 maxime
1384 714 1605 760 victoriae
1648 715 1856 774 speciem
1889 715 2116 759 fecerunt.
2180 715 2363 760 Eodem
2396 716 2534 760 modo

172 786 384 850 intelligo
417 787 627 851 Livium‘
644 787 731 844 30,
779 787 861 843 18,
908 787 980 833 15.
1048 787 1238 833 Tertiae
1272 787 1478 834 decimae
1519 801 1700 846 quoque
1743 786 1942 847 legionis
1987 813 2046 821 -
2091 787 2176 831 Cn.
2209 786 2415 833 Helvius
2449 788 2536 834 tri—

172 860 326 904 bunus
360 859 558 904 militum
601 860 650 906 in
692 859 982 905 restituenda
1023 874 1179 919 pugna
1220 858 1388 903 cecidit
1430 865 1478 903 et
1510 859 1600 905 duo
1634 863 1682 903 et
1714 856 1884 918 viginti
1916 859 2066 903 ferme
2111 857 2294 919 equites
2326 858 2535 906 illustres

173 930 335 977 obtriti
370 933 427 976 ab
462 931 726 992 elephantis
761 947 863 975 cum
896 929 1244 974 centurionibus
1278 929 1456 988 aliquot
1487 930 1741 990 perierunt.
2451 974 2455 980 ,

384 1003 429 1049 5.
479 1002 592 1050 Dixi
625 1018 767 1063 supra
799 1018 858 1046 ne
892 1000 1134 1046 Servianis
1168 999 1355 1060 quidem
1388 1000 1676 1062 temporibus
1710 1016 1772 1046 ex
1814 1015 1960 1046 censu
1992 1002 2095 1058 solo
2130 1002 2311 1061 equites
2344 1002 2393 1047 in
2426 1018 2536 1048 cen—

174 1074 323 1121 turias
357 1076 503 1121 lectos
538 1089 667 1128 esse,
711 1074 794 1118 sed
827 1071 1014 1133 generis
1049 1072 1189 1120 etiam
1221 1072 1451 1119 rationem
1486 1071 1712 1129 habitam,
1759 1071 1899 1133 idque
1933 1088 1989 1118 eo
2023 1072 2170 1133 magis
2204 1080 2370 1134 postea
2402 1073 2536 1120 inva-

175 1147 345 1202 luisse,
388 1162 527 1207 quum
557 1145 747 1206 regibus
782 1145 960 1191 exactis
994 1144 1214 1191 diuturna
1256 1144 1339 1191 illa
1369 1144 1494 1191 inter
1525 1150 1683 1207 patres
1726 1145 2003 1207 plebemque
2038 1145 2273 1193 contentio
2318 1146 2536 1203 oriretur,

175 1218 223 1264 in
266 1235 355 1280 qua
398 1218 576 1278 equites
620 1233 809 1279 semper
852 1233 904 1264 se
947 1218 1005 1265 ad
1048 1225 1209 1280 patres
1243 1217 1585 1280 applicuerunt.
1654 1217 1804 1279 Quam
1838 1218 1896 1263 ob
1929 1233 2028 1264 rem
2061 1233 2155 1264 non
2197 1234 2394 1279 parvum
2436 1234 2537 1265 mo-

174 1298 376 1338 mentum
420 1291 477 1337 ad
521 1291 867 1337 confirmandos
910 1290 1062 1351 plebis
1109 1290 1288 1336 animos
1330 1291 1380 1336 in
1413 1289 1749 1336 communicato
1792 1291 1881 1336 hoc
1922 1289 2116 1337 militiae
2162 1291 2340 1338 honore
2373 1291 2537 1349 fuisse,

174 1379 264 1424 quo
298 1362 362 1409 ita
396 1362 526 1424 digni
561 1369 610 1408 et
642 1362 693 1408 hi
726 1363 902 1423 reperti
935 1371 1066 1418 sunt,
1112 1370 1164 1409 ut
1196 1362 1279 1408 illa
1312 1364 1414 1408 laus
1446 1362 1645 1409 Romani
1691 1361 1923 1422 equitatus
1957 1363 2013 1407 ab
2057 1362 2377 1422 antiquissimo
2420 1371 2538 1409 tem-

174 1450 291 1495 pore
325 1442 610 1498 propagata,
659 1434 798 1479 etiam
830 1442 940 1497 post
971 1433 1151 1495 Vejens
1184 1435 1359 1481 bellum
1393 1434 1453 1482 ad
1484 1433 1654 1480 Persei
1686 1447 1835 1496 usque
1878 1449 2045 1483 aevum
2086 1433 2357 1497 incorrupta
2399 1441 2536 1496 atque

172 1506 357 1569 integra
390 1506 628 1552 manserit.
656 1507 714 1567 ³³)
1420 1512 1428 1519 “

381 1579 558 1639 Atque,
593 1593 734 1641 quum
767 1595 825 1624 eo
859 1579 960 1625 fere
992 1585 1207 1641 tempore
1241 1594 1362 1640 equo
1394 1594 1578 1625 merere
1612 1578 1906 1643 coepissent,
1947 1592 2039 1639 quo
2073 1578 2357 1639 stipendium
2388 1579 2538 1642 pediti

175 1651 479 1696 constitutum
515 1657 610 1704 est,
638 1650 696 1710 ⁷⁸)
743 1658 790 1695 et
824 1651 1056 1709 equitibus
1091 1652 1121 1695 i.
1156 1667 1197 1695 e.
1231 1651 1312 1711 qui
1355 1651 1453 1697 suis
1497 1649 1629 1711 equis
1661 1651 1926 1705 merebant,
1969 1649 2092 1695 aeris
2125 1655 2280 1696 certus
2313 1665 2534 1699 numerus

174 1722 438 1783 assignatus
472 1730 559 1768 est.
587 1722 645 1783 ⁷⁹)
711 1723 852 1784 Quod
885 1740 963 1769 aes
997 1723 1130 1768 initio
1164 1724 1342 1784 duplex
1375 1723 1524 1768 fuisse
1557 1721 1746 1767 videtur
1778 1719 1881 1782 eJus
1914 1721 2161 1783 stipendii,
2194 1723 2319 1783 quod
2351 1725 2535 1785 pedites

173 1794 488 1854 accipiebant,
511 1795 573 1855 ⁸⁰)
622 1795 673 1841 id
707 1801 780 1840 est
813 1811 907 1839 non
938 1794 1091 1839 minus
1124 1794 1231 1850 illo,
1276 1796 1400 1853 quod
1433 1809 1552 1854 equo
1585 1793 1752 1837 alendo
1795 1793 2032 1839 hordearii
2073 1793 2259 1839 nomine
2302 1796 2534 1855 equitibus

171 1881 244 1926 eq.
290 1881 336 1926 p.
380 1865 696 1923 tribuebatur,
720 1866 781 1928 ⁸¹)
824 1866 964 1927 idque
999 1866 1180 1913 duobus
1223 1865 1355 1913 annis
1398 1872 1507 1928 post
1547 1864 1724 1926 triplex
1767 1865 1939 1912 factum
1982 1872 2054 1911 est
2076 1866 2137 1927 ⁸⁹)
2180 1866 2263 1923 iis,
2314 1868 2392 1928 qui
2426 1885 2536 1916 aera

169 1938 408 1998 equestria
449 1954 543 1985 non
590 1939 869 2000 acciperent.
894 1939 954 2000 ⁸³)
1020 1939 1094 1983 Ab
1126 1939 1200 1984 his
1233 1938 1298 1984 ita
1341 1939 1400 1984 ad
1442 1939 1616 1983 alteros
1658 1937 1774 1982 illud
1816 1937 2100 2000 stipendium
2143 1940 2419 2001 pervenisse
2462 1942 2535 1988 vi-

168 2009 328 2066 detur,
364 2016 417 2056 ut
449 2012 634 2057 sublato
668 2011 917 2058 hordeario
950 2011 1033 2057 illo
1066 2011 1222 2057 viduis
1255 2011 1510 2072 imperato,
1545 2008 1677 2070 cujus
1709 2017 1875 2071 postea
1906 2012 2033 2057 nulla
2066 2019 2139 2056 est
2171 2013 2368 2068 mentio,
2402 2015 2533 2073 equi-

173 2080 298 2128 tibus
331 2095 451 2141 equo
484 2080 675 2143 publico
707 2091 899 2147 praeter
931 2082 1215 2144 stipendium
1249 2082 1426 2144 triplex
1457 2097 1565 2127 aera
1596 2087 1772 2128 tantum
1806 2082 2040 2143 equestria
2066 2083 2453 2143 relinquerentur.
2471 2086 2532 2146 ⁸⁴)

383 2154 604 2201 Ceterum
638 2156 778 2202 etiam
812 2162 1061 2217 postquam
1093 2155 1293 2201 Liciniis
1327 2155 1511 2215 legibus
1544 2152 1743 2214 plebejis
1787 2161 1835 2199 et
1866 2154 1915 2200 in
1948 2163 2160 2201 senatum
2203 2163 2250 2201 et
2287 2156 2339 2202 ‘in
2371 2158 2534 2204 xvlll

172 2224 408 2270 centurias
451 2223 645 2273 liberior
686 2227 840 2275 aditus
874 2228 1025 2273 factus
1060 2234 1156 2282 est,
1200 2234 1379 2272 tantum
1414 2225 1553 2270 etiam
1586 2231 1683 2270 tum
1725 2226 1952 2290 temporis
1985 2228 2169 2282 aberat,
2212 2235 2264 2273 ut
2297 2229 2533 2287 antiquum

168 2296 287 2340 illud
332 2296 457 2341 inter
500 2306 711 2345 senatum
753 2300 1026 2361 equitesque
1068 2299 1311 2356 vinculum
1345 2298 1632 2354 solveretur,
1677 2302 1750 2354 ut,
1794 2312 1933 2360 quum
1978 2304 2026 2345 et
2057 2306 2322 2349 senatorum
2365 2300 2452 2351 filii
2486 2309 2533 2350 et

165 2462 210 2503 Π)
233 2472 256 2492 v
291 2465 359 2492 not.
383 2461 413 2494 2.
440 2460 515 2493 Liv.
541 2464 595 2502 40,
619 2465 672 2504 40,
696 2466 748 2499 4.:
773 2464 825 2503 42,
848 2464 902 2502 61,
926 2467 956 2498 4.
980 2463 1100 2497 Persei
1124 2464 1212 2508 regis
1228 2462 1306 2497 Ma·
1392 2461 1439 2506 ⁸²)
1463 2461 1538 2496 Ltv.
1562 2463 1602 2501 5,
1629 2462 1678 2497 12.
1725 2462 1766 2497 cr.
1791 2463 1830 2504 7,
1859 2464 1911 2498 41.
1945 2465 2008 2506 29,
2043 2466 2081 2500 15
2104 2464 2290 2509 eademqne
2313 2467 2400 2499 ratio
2431 2473 2464 2499 et
2496 2469 2530 2501 in

205 2504 372 2537 cedonum
395 2505 504 2537 verba
526 2512 603 2539 sunt
626 2508 669 2539 ad
694 2508 834 2540 milites:
869 2508 1112 2539 Meliorem
1136 2514 1306 2549 partem
1434 2507 1523 2547 agris
1555 2505 1760 2537 coloniarum
1789 2508 1999 2550 assignandis
2030 2509 2095 2549 (cf.
2126 2509 2202 2540 Liv.
2233 2511 2293 2547 40,
2324 2511 2402 2549 34.)
2434 2515 2467 2541 et
2497 2512 2530 2544 in

203 2548 415 2586 hostium,
440 2550 689 2590 equitatum
713 2550 967 2589 Romanum,
1001 2560 1081 2592 quo
1105 2550 1307 2583 invictos
1434 2547 1610 2593 triumphis
1645 2547 1858 2590 observatur,
1891 2557 1925 2584 ut
1948 2552 2088 2596 simplex
2113 2552 2238 2595 pedes,
2269 2552 2392 2595 duplex
2417 2559 2529 2587 centu-

202 2601 248 2625 σθ
272 2601 374 2624 esse
398 2590 739 2634 gloriabantur,
775 2592 971 2624 fudistis.
1433 2593 1503 2631 rio,
1536 2592 1658 2634 triplex
1683 2603 1785 2634 eques
1808 2595 1962 2636 accipiat.
2009 2606 2040 2627 v.
2064 2595 2140 2628 Liv.
2164 2597 2223 2635 33,
2247 2597 2299 2629 23.
2324 2601 2358 2627 (·.“
2376 2601 2458 2629 nott.
2481 2597 2528 2630 in-

1436 2640 1547 2690 terpp.
1570 2636 1623 2674 33,
1645 2635 1697 2669 37.
1742 2637 1800 2675 34,
1824 2638 1877 2677 46,
1899 2639 1929 2671 3.
1975 2640 2036 2679 34,
2060 2640 2122 2678 52,
2149 2640 2199 2672 ll.
2224 2640 2299 2690 436,
2322 2637 2374 2673 40.
2417 2641 2473 2681 39,
2496 2642 2528 2680 5,

1435 2680 1486 2711 17.
1530 2680 1584 2718 39,
1610 2679 1637 2713 7.
1682 2681 1734 2720 40,
1758 2681 1810 2719 43,
1835 2682 1865 2714 7.
1910 2682 1964 2721 40,
1988 2684 2041 2717 59.
2086 2683 2141 2721 45,
2165 2684 2217 2716 40,
2264 2683 2318 2722 425,
2342 2685 2395 2717 44.

1391 2741 1438 2785 ⁶³)
1462 2741 1561 2777 Nieb.
1589 2742 1626 2775 ll.
1649 2754 1681 2786 p.
1704 2746 1776 2781 498.
1800 2750 1868 2777 not.
1891 2747 1965 2779 971.
2011 2745 2204 2778 Huschkius
2226 2757 2259 2788 p.
2283 2747 2358 2780 377.

1390 2807 1432 2846 ⁸⁴)
1460 2804 1561 2838 Certe
1599 2818 1711 2842 aerum
1741 2810 1942 2852 equestrium
1974 2810 2075 2845 etiam
2092 2809 2238 2845 'Catonis
2261 2814 2414 2852 tempore
2437 2820 2526 2844 men·

1432 2849 1479 2880 tio
1504 2849 1551 2880 fit.
1585 2850 1626 2882 οἵ.
1646 2862 1675 2885 n.
1699 2853 1741 2884 50
1764 2858 1795 2885 et
1822 2853 1956 2886 Festum
1971 2863 2011 2886 ν.
2036 2853 2230 2895 lmpolitias.
2260 2852 2303 2886 cs.
2328 2852 2372 2885 de
2395 2857 2466 2886 tota
2489 2865 2527 2887 re

1431 2892 1580 2926 lluschk.
1604 2893 1623 2926 Ι.
1647 2894 1667 2927 Ι.
1692 2894 1792 2928 Nieb.
1816 2896 1837 2929 1.
1862 2896 1883 2929 Ι.

164 2659 208 2701 ¹⁶³)
232 2659 307 2692 Hoc
331 2658 457 2691 sactum
483 2662 534 2690 est
558 2667 588 2692 a.
612 2657 677 2689 349
699 2667 729 2688 a.
752 2655 829 2690 Chr.
855 2666 887 2688 n.
934 2655 1009 2688 Liv.
1034 2658 1065 2696 4,
1088 2657 1140 2690 59.
1162 2657 1215 2690 60.

164 2725 208 2766 ³¹⁴)
232 2724 288 2756 sie
312 2729 407 2757 recte
430 2722 578 2767 explicat
602 2719 793 2757 Huschkius
817 2731 850 2763 p.
875 2721 939 2754 375
963 2719 1094 2755 Livium
1118 2722 1157 2761 5,
1187 2723 1217 2756 7.

161 2788 208 2830 00)
230 2798 263 2819 v.
294 2787 391 2820 Nieb.
424 2787 463 2823 ΙΙ,
497 2798 528 2830 p,
560 2786 636 2820 497.
683 2784 725 2819 ef.
749 2783 898 2819 Huschk.
930 2794 963 2826 p.
999 2785 1072 2819 376.
1119 2785 1203 2829 inpr.
1228 2784 1303 2820 Liv.

201 2832 255 2870 22,
280 2832 332 2864 54.
379 2833 431 2871 45,
456 2832 509 2865 34.
556 2830 610 2868 22.
634 2829 687 2862 58.

158 2896 204 2937 81)
229 2896 248 2927 i.
273 2905 303 2927 e.
329 2894 395 2927 duo
419 2894 523 2926 millia
547 2892 647 2925 aeris.
