2720 3402
160 240 372 297 fuerunt,
422 240 501 302 qui
532 240 579 286 in
620 238 839 285 centuriis
882 254 1063 300 quoque
1105 246 1267 286 essent
1307 240 1535 302 equitum,
1584 238 1705 301 quod
1736 238 1841 285 fieri
1880 237 2090 300 potuisse
2131 252 2226 284 non
2257 255 2402 302 nego,
2449 237 2500 284 hi

158 318 314 358 tamen
347 320 395 358 et
436 313 570 375 pauci
611 318 744 357 erant
775 319 823 357 et
864 328 890 358 a
923 312 1164 359 nobilitate
1197 314 1351 359 alieni.
1416 314 1686 358 Ceterorum
1717 311 1916 372 dignitas
1947 310 1996 356 in
2038 326 2181 356 censu
2213 314 2500 365 versabatur,

159 386 219 432 de
252 401 359 446 quo,
394 393 444 432 ut
472 391 638 446 postea
669 384 775 446 lege
807 384 1002 442 Roscia,
1036 385 1103 432 sic
1134 392 1234 434 tum
1265 386 1488 448 temporis
1521 382 1794 447 Sempronia
1824 383 1930 445 lege
1964 389 2146 430 cautum
2177 382 2325 431 fuisse
2358 400 2501 447 appa-

160 465 258 517 ret,
291 472 541 520 quanquam
574 472 720 515 nunc,
753 457 866 520 quid
899 457 957 505 de
991 474 1048 505 eo
1082 458 1381 508 constitutum
1413 458 1578 517 suerit,
1615 456 1805 505 difficile
1839 455 2129 504 diiudicatur.
2193 456 2290 504 Sed
2321 456 2380 504 de
2412 457 2502 505 hoc

162 532 316 593 paullo
356 529 478 574 infra
510 530 683 587 dicam,
726 531 803 576 hic
834 531 952 577 illud
982 537 1138 577 tamen
1168 532 1419 578 tenendum
1451 538 1547 588 est,
1591 531 1799 577 ordinem
1830 535 2117 590 equestrem,
2167 536 2319 574 ortum
2351 529 2503 575 Grac—

166 602 319 651 chanis
360 601 567 664 legibus,
609 605 751 666 plane
785 604 1022 651 diversum
1065 605 1212 652 fuisse
1254 621 1282 652 a
1321 604 1541 651 centuriis
1583 603 1810 665 equitum,
1852 617 1912 649 ex
1943 600 2108 663 quibus
2149 601 2286 664 pauci
2325 608 2504 649 tantum

162 676 281 737 iique
315 674 429 734 soli,
472 676 551 738 qui
583 693 688 725 cum
721 677 966 725 senatoriis
1003 678 1212 741 partibus
1254 693 1347 725 non
1379 683 1536 724 essent
1568 675 1822 734 coniuncti,
1861 675 1911 722 in
1940 673 2142 721 iudicum
2159 690 2366 722 numero
2398 690 2504 726 esse

158 753 388 809 poteraut.
452 749 573 796 Nam
606 750 745 796 etiam
786 756 1032 813 postquam
1074 756 1340 807 senatores,
1380 755 1433 795 ut
1465 749 1624 806 docui,
1666 749 1758 795 iam
1789 764 1882 795 non
1912 748 1960 794 in
1990 747 2049 793 iis
2094 748 2315 794 centuriis
2357 752 2504 803 erant,

156 826 312 867 tamen
356 821 450 869 eae⁴
489 839 594 870 cum
635 823 874 870 nobilitate
915 822 995 869 diu
1036 824 1367 880 cohaerebant,
1417 837 1556 884 quum
1596 838 1746 869 novus
1787 822 1867 869 ille
1909 822 2023 868 ordo
2066 827 2285 883 equester
2323 820 2504 868 medius

157 893 283 939 inter
322 896 511 955 plebem
553 903 802 958 patresque
836 895 1058 950 oriretur,
1101 896 1358 955 tertiaeque
1389 895 1439 940 in
1475 896 1713 956 republica
1745 902 1902 957 partes
1934 896 2100 941 fierent
2131 895 2324 955 equites.
2387 895 2504 940 Inde

159 973 258 1022 est,
308 961 433 1028 quod
473 968 624 1015 Varro
666 967 778 1014 dicit
819 967 943 1029 apud
979 951 1186 1013 Nonium
1234 984 1272 1014 s.
1314 983 1360 1013 v.
1401 966 1602 1029 Biceps=
1654 966 1957 1014 Gracchus
2005 972 2215 1014 senatu
2261 966 2505 1030 iniquus

162 1040 434 1098 equestri
469 1040 663 1086 ordini
707 1032 931 1085 iudicia
963 1040 1242 1098 tradidit,
1282 1056 1345 1085 ac
1375 1040 1690 1102 bicipitem
1722 1040 2028 1087 civitatem
2058 1041 2229 1098 fecit,
2272 1040 2505 1087 discor-

162 1111 386 1158 diarum
418 1113 688 1160 civilium
720 1112 959 1158 fontem.
981 1111 1042 1173 ²⁸)

369 1186 414 1231 4.
466 1186 740 1248 Quanquam
782 1193 937 1232 autem
970 1184 1198 1232 Gracchis
1242 1192 1556 1243 successerat,
1590 1192 1651 1232 ut
1683 1201 1789 1244 eos,
1832 1186 1910 1248 qui
1944 1202 2088 1234 censu
2120 1185 2298 1248 equites
2331 1192 2504 1244 essent,

161 1256 285 1304 inter
316 1274 367 1305 se
400 1259 670 1306 coniunctos
705 1275 731 1306 a
762 1258 1002 1306 nobilitate
1036 1258 1374 1316 abalienarent,
1416 1264 1571 1305 tamen
1603 1258 1652 1305 id
1684 1258 1994 1321 nequiverunt
2027 1260 2241 1318 efficere,
2283 1266 2335 1307 ut
2366 1260 2507 1308 iidem

159 1331 450 1393 plebeiorum
483 1333 629 1396 magis
663 1347 798 1394 quam
830 1332 1036 1396 ipsorum
1070 1347 1259 1378 caussae
1292 1332 1520 1377 faverent.
1584 1332 1702 1378 Nam
1735 1332 1938 1394 equites,
1970 1338 2099 1378 tanta
2131 1339 2364 1396 potestate·
2397 1334 2506 1379 sub-

161 1405 276 1460 nixi,
310 1412 362 1450 ut
394 1407 473 1467 qui
505 1408 627 1452 facta
659 1408 958 1467 fortunasque
991 1408 1251 1469 principum
1284 1404 1508 1452 haberent
1540 1405 1589 1450 in
1620 1422 1771 1462 manu,
1806 1407 1963 1462 exilio,
1997 1406 2167 1462 multis,
2200 1407 2390 1452 infamia
2420 1422 2507 1468 po—

163 1478 452 1525 tentissimos
486 1496 692 1540 quosque
725 1480 968 1541 punirent,
1009 1480 1350 1540 provinciarum
1382 1478 1623 1540 praesides
1656 1478 1929 1525 iudiciorum
1961 1486 2088 1526 metu
2117 1486 2372 1536 terrerent,
2414 1479 2507 1541 ipsi

166 1550 323 1611 legum
355 1551 448 1598 vim
482 1569 749 1614 poenasque
782 1559 1154 1610 contemnerent,
1176 1553 1237 1614 29)
1280 1551 1479 1614 primum
1510 1550 1783 1614 interceptis
1825 1551 2129 1614 vectigalibus
2165 1551 2372 1614 peculari
2403 1558 2507 1598 tan-

167 1639 302 1682 quam
345 1640 430 1670 suo
473 1625 574 1670 iure
615 1626 969 1687 rempublicam,
1018 1632 1116 1671 tum
1146 1625 1404 1671 insolenter
1435 1631 1483 1669 et
1514 1625 1715 1684 superbe
1748 1630 1907 1669 contra
1948 1630 2187 1670 senatores
2231 1640 2282 1669 se
2324 1640 2506 1684 gerere,

168 1696 368 1758 denique
403 1704 451 1744 et
486 1699 683 1760 pecunia
714 1698 971 1760 corrumpi,
1014 1705 1085 1754 et,
1127 1705 1369 1760 postquam
1402 1696 1628 1742 fructibus
1660 1696 1733 1742 his
1774 1696 2047 1743 iudiciorum
2081 1703 2408 1754 assuevenmt,
2449 1696 2508 1743 ad

170 1769 581 1816 contemtissimum
631 1771 845 1831 quodque
894 1786 1039 1832 genus
1082 1777 1217 1831 atque
1259 1768 1608 1816 iniustissimum
1651 1775 1868 1830 quaestus
1907 1770 2187 1831 procedere,
2210 1768 2296 1831 ³⁰)-
2322 1784 2508 1816 accusa-

174 1847 302 1887 tores
345 1844 650 1891 subornantes
684 1842 987 1899 adversariis,
1037 1859 1233 1904 eosque,
1282 1859 1396 1904 quos
1432 1841 1612 1904 legibus
1654 1857 1745 1887 non
1779 1847 2015 1904 poterant,
2057 1842 2220 1888 fraude
2253 1840 2508 1888 circumve·

170 1913 367 1961 nientes.
432 1915 641 1962 Tametsi
683 1916 806 1964 enim
839 1916 1002 1963 Cicero
1044 1923 1204 1963 auctor
1234 1922 1329 1974 est,
1376 1931 1526 1979 prope
1568 1913 1895 1977 quinquaginta
1936 1930 2079 1962 annos
2121 1913 2362 1961 continuos
2405 1913 2506 1962 sine

213 2103 279 2135 alio
302 2103 378 2135 ioco
401 2105 454 2145 (c.
476 2104 532 2147 9.)
556 2105 718 2137 observat
741 2104 830 2137 idem
852 2103 990 2142 Plinius.
1037 2103 1187 2137 Primum
1210 2105 1296 2137 enim

214 2146 351 2180 Celeres
373 2148 573 2191 appellatos,
598 2149 719 2183 deinde
742 2148 952 2189 flexumines,
976 2153 1096 2193 postea
1119 2148 1296 2182 trossulos.

216 2190 270 2221 De
283 2190 454 2223 Celeribus
477 2203 579 2235 supra
593 2193 733 2225 dictum:
757 2193 972 2225 flexumiuum
993 2203 1126 2232 nomeu,
1141 2193 1185 2224 ab
1202 2193 1298 2234 equis

215 2233 371 2277 regendis
387 2235 535 2278 petitum,
557 2247 576 2269 a
593 2237 723 2270 nemine
740 2241 876 2280 praeter
892 2235 1036 2269 Plinium
1056 2246 1297 2269 commemora-

215 2283 288 2352 επις
313 2277 361 2352 «ΙΙῧ
379 2279 533 2356 ῑτοεῗιιΙίε
555 2279 640 2357 ipsi-a
661 2280 769 2312 dicam
792 2280 999 2321 explicatius.
1046 2279 1098 2313 Cf.
1120 2285 1232 2311 tamen
1256 2279 1300 2310 de

240 2346 247 2352 .
285 2346 292 2353 .
363 2346 373 2360 ‚
397 2331 425 2353 c.
472 2346 482 2361 ,
505 2332 535 2354 u.
582 2347 589 2354 .

172 2366 217 2405 ²⁷)
243 2363 279 2396 ld
314 2375 342 2395 c.
374 2364 413 2396 8:
469 2365 614 2397 iudicum
644 2370 755 2397 autem
785 2366 1011 2407 appellatione
1042 2376 1082 2398 se
1106 2366 1193 2397 arari
1225 2376 1301 2397 eum

213 2406 367 2438 ordinem
399 2407 494 2450 primi
517 2408 660 2441 omnium
683 2407 855 2441 instituere
877 2408 1039 2450 Gracchi,
1095 2408 1217 2441 iscordi
1240 2418 1299 2451 po·

1422 2108 1545 2142 tarum,
1576 2103 1631 2145 qui
1661 2112 1764 2146 saepe
1792 2107 1862 2135 tres
1892 2102 1969 2135 illos
1991 2102 2128 2135 ordines
2150 2103 2276 2136 habent
2299 2101 2391 2146 (0v.
2415 2102 2505 2136 Fast.

1422 2146 1454 2188 2,
1480 2145 1550 2179 128.
1572 2145 1722 2180 Martial.
1744 2145 1786 2187 8,
1811 2146 1871 2188 15,
1893 2146 1924 2180 2.
1947 2147 1987 2187 8,
2009 2147 2073 2188 50,
2096 2146 2127 2180 7.
2171 2147 2298 2181 Statius
2320 2149 2345 2181 S
2371 2147 2416 2181 lv.
2442 2146 2506 2189 lv,

1425 2191 1455 2229 l,
1477 2190 1529 2222 25.
1563 2190 1724 2222 Manilius
1742 2190 1784 2221 V.
1807 2196 1893 2223 extr.
1927 2192 2053 2223 Auson.
2076 2202 2098 2232 g
2164 2191 2196 2222 b.
2216 2191 2267 2223 79.
2291 2192 2325 2223 iu
2391 2192 2505 2223 ernsd.

1424 2233 1534 2286 poetis
1556 2233 1632 2267 min.
1658 2233 1734 2267 Vol.
1758 2231 1832 2276 v1.)
1854 2234 1888 2267 in
1911 2233 1975 2267 hac
1999 2244 2036 2288 re
2059 2232 2182 2267 nulum
2206 2239 2258 2267 est
2281 2234 2507 2268 testimouium

1384 2277 1429 2363 ἔξ
1452 2276 1580 2352 biiii-ii?
1598 2277 1709 2360 {eqqu
1730 2276 2061 2360 §epffiitvqissruisaz
2084 2277 2142 2354 ll?
2165 2278 2292 2354 {lintea
2313 2320 2408 2364 (aute
2431 2320 2506 2355 Sul·

1425 2363 1536 2395 lanum
1559 2364 1713 2404 aevum),
1747 2373 1847 2404 quum
1870 2368 2026 2404 equester
2047 2364 2131 2396 ordo
2154 2364 2335 2403 iudicaret,
2365 2364 2506 2407 improbi

1425 2410 1458 2438 et
1489 2415 1629 2448 rapaces
1650 2406 1863 2449 magistratus
1892 2405 1925 2439 in
1952 2406 2131 2449 provinciis
2152 2406 2380 2441 inserviebant
2401 2406 2507 2451 publi·

213 2450 396 2493 pularitate
426 2451 458 2483 in
490 2451 724 2484 contumeliam
754 2457 907 2485 senatus:
938 2463 1017 2485 mox
1047 2463 1090 2485 ea
1117 2451 1299 2491 debellata,

211 2493 400 2527 auctoritas
438 2495 578 2529 nominis
608 2495 704 2528 vario
735 2495 934 2529 seditionum
966 2500 1088 2529 eventu
1119 2496 1210 2529 circa
1239 2505 1299 2538 pu-

211 2538 363 2571 blicanos
395 2538 541 2572 substitit
569 2544 602 2572 et
632 2538 833 2581 aliquamdiu
863 2539 982 2572 tertiae
1012 2540 1105 2572 vires
1157 2539 1299 2572 ublicani

213 2581 319 2616 suere.
356 2601 392 2607 —-
425 2600 468 2607 —
499 2600 544 2607 —
586 2582 638 2616 Ab
671 2582 729 2616 illo
758 2587 911 2626 tempore
942 2581 1093 2625 (Plinius
1152 2582 1298 2617 icerouis

210 2632 342 2667 tempus
365 2626 538 2668 intelligit,
569 2637 635 2657 non
657 2627 791 2657 omnino
815 2632 920 2663 reete,
944 2631 978 2656 ut
999 2626 1084 2657 infra
1106 2627 1296 2667 ostendam)

211 2668 308 2713 plane
341 2668 406 2704 hoc
428 2668 566 2704 tertium
591 2679 713 2714 corpus
734 2668 767 2704 in
789 2680 827 2705 re
852 2668 960 2704 ublica
982 2666 1104 2714 factum
1127 2675 1196 2712 est,
1219 2679 1296 2704 coe-

213 2716 325 2755 pitque
341 2716 440 2747 adiici
456 2717 588 2747 senatui
602 2715 793 2757 populoque
841 2725 961 2746 omano
979 2721 1012 2746 et
1029 2707 1184 2756 e’quester
1196 2715 1295 2746 ordo.

213 2756 290 2791 Qua
320 2758 362 2789 de
393 2768 516 2790 caussa
545 2762 579 2789 et
611 2768 697 2789 nunc
729 2762 806 2799 post
838 2756 994 2800 populum
1016 2757 1188 2798 scribitur,
1243 2757 1297 2788 uia

214 2801 395 2834 novissime
430 2813 493 2835 coe
519 2808 573 2835 tus
607 2807 660 2834 est
691 2800 799 2834 adiici.
844 2801 918 2834 Hoc
949 2807 1130 2835 extremum
1163 2802 1215 2844 qu'
1242 2812 1295 2834 em

212 2849 246 2875 et
269 2845 391 2876 nummi
418 2846 499 2878 refel
516 2851 591 2884 unt,
623 2845 666 2877 de
690 2845 808 2886 quibus
831 2855 863 2876 v.
886 2843 1025 2876 Eckhei.
1048 2844 1091 2876 D.
1114 2844 1158 2877 N.
1182 2844 1238 2877 Vl.
1262 2854 1294 2886 p.

1425 2449 1535 2486 canis;
1567 2449 1732 2481 ornabant
1754 2460 1832 2488 eos,
1863 2450 1970 2492 quiin
2001 2451 2114 2493 operis
2136 2456 2246 2484 erant:
2278 2460 2508 2493 quemcunque

1424 2492 1569 2536 equitem
1591 2491 1777 2525 Romanum
1806 2492 1839 2526 in
1868 2494 2041 2536 provincia
2062 2493 2234 2534 viderant,
2268 2493 2442 2528 beneficiis
2465 2505 2506 2527 ac

1423 2536 1624 2582 liberalitate
1655 2536 1955 2579 prosequebantur:
1991 2548 2098 2580 neque
2128 2543 2255 2572 tantum
2284 2538 2342 2571 illa
2372 2548 2425 2571 res
2447 2548 2506 2571 no·

1424 2579 1573 2614 centibus
1597 2578 1771 2623 proderat,
1798 2586 1952 2624 quantum
1976 2581 2081 2615 obfuit
2103 2580 2230 2623 multis,
2261 2590 2360 2626 quum
2381 2581 2506 2626 aliquid

1424 2629 1542 2655 contra
1575 2624 1744 2654 utilitatem
1774 2625 1843 2656 eius
1877 2625 2004 2657 ordinis
2032 2626 2302 2666 voluntatemque
2336 2626 2504 2657 fecissent.

1421 2665 1642 2702 Retinebatur
1664 2664 1727 2701 boc
1750 2672 1836 2711 tum,
1864 2668 1979 2703 nescio
2002 2666 2189 2714 quomodo,
2219 2668 2313 2715 quasi
2330 2667 2506 2703 'communi

1422 2712 1563 2744 consilio
1585 2712 1628 2743 ab
1650 2712 1712 2743 illis
1735 2713 1920 2756 diligenter,
1945 2720 1990 2753 ut,
2012 2715 2068 2755 'qui
2091 2725 2189 2745 unum
2212 2715 2354 2756 equitem
2371 2714 2410 2744 R.
2428 2724 2505 2744 con·

1421 2754 1554 2787 tumelia
1573 2753 1704 2797 dignum
1727 2760 1887 2799 putasset,
1909 2756 1951 2788 ab
1968 2757 2123 2788 universo
2143 2756 2261 2788 ordine
2280 2755 2367 2788 malo
2387 2754 2505 2798 dignus

1422 2800 1632 2832 iudicaretur.
1658 2824 1665 2831 .
1683 2824 1690 2831 .
1708 2825 1715 2832 .
1740 2824 1747 2832 .
1773 2799 1851 2842 quid
1873 2802 1959 2834 euim
1982 2803 2047 2834 iam
2069 2812 2192 2835 nocere
2214 2805 2373 2843 possunt,
2388 2798 2505 2842 quibus

1421 2853 1488 2875 non
1510 2842 1588 2874 licet
1608 2842 1779 2875 iudicare?

215 2885 278 2919 1⁴26
300 2897 331 2927 a,
356 2892 388 2919 et
412 2886 523 2921 Valer.
548 2887 683 2921 Probus
706 2887 749 2921 de
771 2887 859 2920 notis
875 2885 915 2919 R.
940 2896 1037 2928 quem
1060 2886 1080 2919 Ι.
1103 2887 1170 2920 ille.
1206 2886 1294 2919 Poe·
1333 2898 1338 2929 1
1379 2886 1425 2927 ³⁰)
1451 2886 1537 2927 App.
1561 2883 1604 2917 B.
1628 2884 1664 2917 C.
1691 2885 1719 2925 l,
1742 2885 1793 2919 22.
