<?xml version="1.0" encoding="UTF-8"?>
<!DOCTYPE html PUBLIC "-//W3C//DTD XHTML 1.0 Transitional//EN"
    "http://www.w3.org/TR/xhtml1/DTD/xhtml1-transitional.dtd">
<html xmlns="http://www.w3.org/1999/xhtml" xml:lang="en" lang="en">
 <head>
  <title>
</title>
<meta http-equiv="Content-Type" content="text/html;charset=utf-8" />
  <meta name='ocr-system' content='tesseract 3.04.00' />
  <meta name='ocr-capabilities' content='ocr_page ocr_carea ocr_par ocr_line ocrx_word'/>
</head>
<body>
  <div class='ocr_page' id='page_1' title='image "4771388_0104.png"; bbox 0 0 2720 3402; ppageno 0'>
   <div class='ocr_carea' id='block_1_1' title="bbox 166 94 841 182">
    <p class='ocr_par' dir='ltr' id='par_1_1' title="bbox 166 94 841 182">
     <span class='ocr_line' id='line_1_1' title="bbox 166 94 841 182; baseline 0 0"><span class='ocrx_word' id='word_1_1' title='bbox 166 94 265 145; x_wconf 64' lang='lat'>⁹4</span> <span class='ocrx_word' id='word_1_2' title='bbox 818 130 841 182; x_wconf 57' lang='lat' dir='ltr'><strong><em>n</em></strong></span> 
     </span>
    </p>
   </div>
   <div class='ocr_carea' id='block_1_2' title="bbox 163 230 2539 2536">
    <p class='ocr_par' dir='ltr' id='par_1_2' title="bbox 163 230 2539 2536">
     <span class='ocr_line' id='line_1_2' title="bbox 165 230 2527 300; baseline -0.004 -15"><span class='ocrx_word' id='word_1_3' title='bbox 165 239 345 300; x_wconf 81' lang='lat' dir='ltr'>equites</span> <span class='ocrx_word' id='word_1_4' title='bbox 387 239 623 285; x_wconf 90' lang='lat' dir='ltr'>Romanos</span> <span class='ocrx_word' id='word_1_5' title='bbox 667 237 902 283; x_wconf 69' lang='lat' dir='ltr'>mississet</span> <span class='ocrx_word' id='word_1_6' title='bbox 953 237 1144 283; x_wconf 88' lang='lat' dir='ltr'>eosdem</span> <span class='ocrx_word' id='word_1_7' title='bbox 1189 243 1237 283; x_wconf 92' lang='lat' dir='ltr'>et</span> <span class='ocrx_word' id='word_1_8' title='bbox 1279 234 1559 283; x_wconf 84' lang='lat' dir='ltr'><strong>exercitibus</strong></span> <span class='ocrx_word' id='word_1_9' title='bbox 1610 239 1658 279; x_wconf 91' lang='lat' dir='ltr'>et</span> <span class='ocrx_word' id='word_1_10' title='bbox 1706 247 1911 278; x_wconf 90' lang='lat' dir='ltr'>summae</span> <span class='ocrx_word' id='word_1_11' title='bbox 1961 230 2126 292; x_wconf 90' lang='lat' dir='ltr'>cuique</span> <span class='ocrx_word' id='word_1_12' title='bbox 2175 230 2245 276; x_wconf 91' lang='lat' dir='ltr'>rei</span> <span class='ocrx_word' id='word_1_13' title='bbox 2294 230 2527 293; x_wconf 81' lang='lat' dir='ltr'>gerendae</span> 
     </span>
     <span class='ocr_line' id='line_1_3' title="bbox 163 304 2530 373; baseline -0.003 -16"><span class='ocrx_word' id='word_1_14' title='bbox 163 311 466 373; x_wconf 85' lang='lat' dir='ltr'>praefecisse.</span> <span class='ocrx_word' id='word_1_15' title='bbox 532 311 672 372; x_wconf 80' lang='lat' dir='ltr'>Quod</span> <span class='ocrx_word' id='word_1_16' title='bbox 704 316 756 354; x_wconf 91' lang='lat' dir='ltr'>ut</span> <span class='ocrx_word' id='word_1_17' title='bbox 789 325 953 355; x_wconf 83' lang='lat' dir='ltr'>verum</span> <span class='ocrx_word' id='word_1_18' title='bbox 988 316 1085 365; x_wconf 90' lang='lat' dir='ltr'>est,</span> <span class='ocrx_word' id='word_1_19' title='bbox 1129 310 1194 354; x_wconf 91' lang='lat' dir='ltr'>ita</span> <span class='ocrx_word' id='word_1_20' title='bbox 1227 311 1284 354; x_wconf 85' lang='lat' dir='ltr'>ad</span> <span class='ocrx_word' id='word_1_21' title='bbox 1325 323 1472 353; x_wconf 89' lang='lat' dir='ltr'>meam</span> <span class='ocrx_word' id='word_1_22' title='bbox 1515 305 1793 351; x_wconf 90' lang='lat' dir='ltr'>sententiam</span> <span class='ocrx_word' id='word_1_23' title='bbox 1833 320 1928 350; x_wconf 91' lang='lat' dir='ltr'>non</span> <span class='ocrx_word' id='word_1_24' title='bbox 1970 304 2189 365; x_wconf 83' lang='lat' dir='ltr'>pertinet.</span> <span class='ocrx_word' id='word_1_25' title='bbox 2254 305 2530 349; x_wconf 86' lang='lat' dir='ltr'>Manserunt</span> 
     </span>
     <span class='ocr_line' id='line_1_4' title="bbox 166 375 2529 444; baseline -0.003 -16"><span class='ocrx_word' id='word_1_26' title='bbox 166 383 288 428; x_wconf 91' lang='lat' dir='ltr'>enim</span> <span class='ocrx_word' id='word_1_27' title='bbox 325 384 556 429; x_wconf 91' lang='lat' dir='ltr'>secundus</span> <span class='ocrx_word' id='word_1_28' title='bbox 591 383 706 427; x_wconf 91' lang='lat' dir='ltr'>ordo</span> <span class='ocrx_word' id='word_1_29' title='bbox 741 382 881 427; x_wconf 90' lang='lat' dir='ltr'>etiam</span> <span class='ocrx_word' id='word_1_30' title='bbox 915 384 1002 427; x_wconf 87' lang='lat' dir='ltr'>sub</span> <span class='ocrx_word' id='word_1_31' title='bbox 1036 383 1247 444; x_wconf 84' lang='lat' dir='ltr'>Augusto</span> <span class='ocrx_word' id='word_1_32' title='bbox 1281 379 1483 439; x_wconf 80' lang='lat' dir='ltr'>equiteS,</span> <span class='ocrx_word' id='word_1_33' title='bbox 1516 378 1601 422; x_wconf 93' lang='lat' dir='ltr'>sed</span> <span class='ocrx_word' id='word_1_34' title='bbox 1633 377 1806 422; x_wconf 90' lang='lat' dir='ltr'>idcirco</span> <span class='ocrx_word' id='word_1_35' title='bbox 1841 377 2120 438; x_wconf 89' lang='lat' dir='ltr'>aliquantum</span> <span class='ocrx_word' id='word_1_36' title='bbox 2154 377 2260 438; x_wconf 93' lang='lat' dir='ltr'>plus</span> <span class='ocrx_word' id='word_1_37' title='bbox 2293 375 2529 432; x_wconf 87' lang='lat' dir='ltr'>momenti,</span> 
     </span>
     <span class='ocr_line' id='line_1_5' title="bbox 166 449 2529 516; baseline -0.003 -14"><span class='ocrx_word' id='word_1_38' title='bbox 166 472 303 515; x_wconf 90' lang='lat' dir='ltr'>quam</span> <span class='ocrx_word' id='word_1_39' title='bbox 337 463 472 502; x_wconf 88' lang='lat' dir='ltr'>antea</span> <span class='ocrx_word' id='word_1_40' title='bbox 503 455 551 501; x_wconf 92' lang='lat' dir='ltr'>in</span> <span class='ocrx_word' id='word_1_41' title='bbox 584 456 674 500; x_wconf 90' lang='lat' dir='ltr'>hoc</span> <span class='ocrx_word' id='word_1_42' title='bbox 708 472 892 516; x_wconf 90' lang='lat' dir='ltr'>quoque</span> <span class='ocrx_word' id='word_1_43' title='bbox 927 455 1090 501; x_wconf 86' lang='lat' dir='ltr'>ordine</span> <span class='ocrx_word' id='word_1_44' title='bbox 1124 454 1235 509; x_wconf 85' lang='lat' dir='ltr'>fuit,</span> <span class='ocrx_word' id='word_1_45' title='bbox 1282 452 1402 512; x_wconf 93' lang='lat' dir='ltr'>quod</span> <span class='ocrx_word' id='word_1_46' title='bbox 1434 450 1483 496; x_wconf 89' lang='lat' dir='ltr'>in</span> <span class='ocrx_word' id='word_1_47' title='bbox 1516 466 1573 496; x_wconf 91' lang='lat' dir='ltr'>eo</span> <span class='ocrx_word' id='word_1_48' title='bbox 1606 450 1947 496; x_wconf 88' lang='lat' dir='ltr'>firmamentum</span> <span class='ocrx_word' id='word_1_49' title='bbox 1980 449 2210 510; x_wconf 85' lang='lat' dir='ltr'><strong>quoddam</strong></span> <span class='ocrx_word' id='word_1_50' title='bbox 2241 449 2529 511; x_wconf 83' lang='lat' dir='ltr'>principatus</span> 
     </span>
     <span class='ocr_line' id='line_1_6' title="bbox 168 521 2530 588; baseline -0.003 -15"><span class='ocrx_word' id='word_1_51' title='bbox 168 544 275 573; x_wconf 88' lang='lat' dir='ltr'>esse</span> <span class='ocrx_word' id='word_1_52' title='bbox 310 528 488 588; x_wconf 91' lang='lat' dir='ltr'>coepit,</span> <span class='ocrx_word' id='word_1_53' title='bbox 524 528 789 574; x_wconf 90' lang='lat' dir='ltr'>senatorius</span> <span class='ocrx_word' id='word_1_54' title='bbox 824 529 939 574; x_wconf 88' lang='lat' dir='ltr'>ordo</span> <span class='ocrx_word' id='word_1_55' title='bbox 973 526 1265 573; x_wconf 81' lang='lat' dir='ltr'>adversarios</span> <span class='ocrx_word' id='word_1_56' title='bbox 1297 539 1445 584; x_wconf 88' lang='lat' dir='ltr'>paene</span> <span class='ocrx_word' id='word_1_57' title='bbox 1481 539 1641 568; x_wconf 90' lang='lat' dir='ltr'>omnes</span> <span class='ocrx_word' id='word_1_58' title='bbox 1675 522 2028 578; x_wconf 88' lang='lat' dir='ltr'>dominationis,</span> <span class='ocrx_word' id='word_1_59' title='bbox 2070 522 2337 582; x_wconf 77' lang='lat' dir='ltr'>veterisque</span> <span class='ocrx_word' id='word_1_60' title='bbox 2370 521 2530 581; x_wconf 89' lang='lat' dir='ltr'>reipu-</span> 
     </span>
     <span class='ocr_line' id='line_1_7' title="bbox 167 593 2531 658; baseline -0.003 -12"><span class='ocrx_word' id='word_1_61' title='bbox 167 599 315 646; x_wconf 89' lang='lat' dir='ltr'>blicae</span> <span class='ocrx_word' id='word_1_62' title='bbox 349 599 656 647; x_wconf 87' lang='lat' dir='ltr'>admiratores</span> <span class='ocrx_word' id='word_1_63' title='bbox 690 600 971 648; x_wconf 88' lang='lat' dir='ltr'>continebat.</span> <span class='ocrx_word' id='word_1_64' title='bbox 1030 599 1102 645; x_wconf 88' lang='lat' dir='ltr'>De</span> <span class='ocrx_word' id='word_1_65' title='bbox 1136 613 1224 658; x_wconf 91' lang='lat' dir='ltr'>qua</span> <span class='ocrx_word' id='word_1_66' title='bbox 1254 612 1306 642; x_wconf 92' lang='lat' dir='ltr'>re</span> <span class='ocrx_word' id='word_1_67' title='bbox 1339 594 1653 642; x_wconf 88' lang='lat' dir='ltr'>memorabilis</span> <span class='ocrx_word' id='word_1_68' title='bbox 1687 594 1842 642; x_wconf 84' lang='lat' dir='ltr'>Taciti</span> <span class='ocrx_word' id='word_1_69' title='bbox 1874 595 2005 642; x_wconf 90' lang='lat' dir='ltr'>locus</span> <span class='ocrx_word' id='word_1_70' title='bbox 2039 593 2191 655; x_wconf 74' lang='lat' dir='ltr'>est.⁷⁷)</span> <span class='ocrx_word' id='word_1_71' title='bbox 2246 594 2531 655; x_wconf 88' lang='lat' dir='ltr'>„Augustus,</span> 
     </span>
     <span class='ocr_line' id='line_1_8' title="bbox 167 666 2531 732; baseline -0.002 -16"><span class='ocrx_word' id='word_1_72' title='bbox 167 671 330 732; x_wconf 88' lang='lat' dir='ltr'>inquit,</span> <span class='ocrx_word' id='word_1_73' title='bbox 365 672 529 719; x_wconf 90' lang='lat' dir='ltr'>inter</span> <span class='ocrx_word' id='word_1_74' title='bbox 562 673 683 719; x_wconf 91' lang='lat' dir='ltr'>alia</span> <span class='ocrx_word' id='word_1_75' title='bbox 716 670 1144 718; x_wconf 90' lang='lat' dir='ltr'>dominationis</span> <span class='ocrx_word' id='word_1_76' title='bbox 1178 683 1387 714; x_wconf 88' lang='lat' dir='ltr'>arcana</span> <span class='ocrx_word' id='word_1_77' title='bbox 1419 667 1593 725; x_wconf 88' lang='lat' dir='ltr'>vetitis,</span> <span class='ocrx_word' id='word_1_78' title='bbox 1627 667 1717 713; x_wconf 91' lang='lat' dir='ltr'>nisi</span> <span class='ocrx_word' id='word_1_79' title='bbox 1744 667 1991 729; x_wconf 86' lang='lat' dir='ltr'>permissu,</span> <span class='ocrx_word' id='word_1_80' title='bbox 2024 666 2531 730; x_wconf 72' lang='lat' dir='ltr'>ingredisenatoribus</span> 
     </span>
     <span class='ocr_line' id='line_1_9' title="bbox 168 738 2531 803; baseline -0.002 -16"><span class='ocrx_word' id='word_1_81' title='bbox 168 750 247 787; x_wconf 91' lang='lat' dir='ltr'>aut</span> <span class='ocrx_word' id='word_1_82' title='bbox 281 745 518 803; x_wconf 91' lang='lat' dir='ltr'>equitibus</span> <span class='ocrx_word' id='word_1_83' title='bbox 552 745 777 790; x_wconf 88' lang='lat' dir='ltr'>Romanis</span> <span class='ocrx_word' id='word_1_84' title='bbox 810 745 1065 789; x_wconf 86' lang='lat' dir='ltr'>illustribus</span> <span class='ocrx_word' id='word_1_85' title='bbox 1107 741 1316 802; x_wconf 88' lang='lat' dir='ltr'>seposuit</span> <span class='ocrx_word' id='word_1_86' title='bbox 1348 741 1642 800; x_wconf 82' lang='lat' dir='ltr'>Aegyptum:</span> <span class='ocrx_word' id='word_1_87' title='bbox 1685 756 1744 785; x_wconf 92' lang='lat' dir='ltr'>ne</span> <span class='ocrx_word' id='word_1_88' title='bbox 1778 741 1901 785; x_wconf 86' lang='lat' dir='ltr'>fame</span> <span class='ocrx_word' id='word_1_89' title='bbox 1934 749 2125 800; x_wconf 88' lang='lat' dir='ltr'>urgeret</span> <span class='ocrx_word' id='word_1_90' title='bbox 2156 740 2361 794; x_wconf 88' lang='lat' dir='ltr'>Italiam,</span> <span class='ocrx_word' id='word_1_91' title='bbox 2405 738 2531 798; x_wconf 91' lang='lat' dir='ltr'>quis-</span> 
     </span>
     <span class='ocr_line' id='line_1_10' title="bbox 168 810 2532 877; baseline -0.002 -17"><span class='ocrx_word' id='word_1_92' title='bbox 168 814 272 874; x_wconf 93' lang='lat' dir='ltr'>quis</span> <span class='ocrx_word' id='word_1_93' title='bbox 317 831 420 861; x_wconf 90' lang='lat' dir='ltr'>eam</span> <span class='ocrx_word' id='word_1_94' title='bbox 463 816 753 877; x_wconf 81' lang='lat' dir='ltr'>provinciam</span> <span class='ocrx_word' id='word_1_95' title='bbox 798 817 1085 873; x_wconf 85' lang='lat' dir='ltr'>claustraque</span> <span class='ocrx_word' id='word_1_96' title='bbox 1128 819 1282 857; x_wconf 88' lang='lat' dir='ltr'>terrae</span> <span class='ocrx_word' id='word_1_97' title='bbox 1326 827 1379 856; x_wconf 88' lang='lat' dir='ltr'>ac</span> <span class='ocrx_word' id='word_1_98' title='bbox 1410 810 1576 867; x_wconf 90' lang='lat' dir='ltr'>maris,</span> <span class='ocrx_word' id='word_1_99' title='bbox 1623 811 1834 871; x_wconf 84' lang='lat' dir='ltr'>quamvis</span> <span class='ocrx_word' id='word_1_100' title='bbox 1867 811 1963 856; x_wconf 82' lang='lat' dir='ltr'>levi</span> <span class='ocrx_word' id='word_1_101' title='bbox 2005 811 2241 873; x_wconf 90' lang='lat' dir='ltr'>praesidio</span> <span class='ocrx_word' id='word_1_102' title='bbox 2285 812 2532 857; x_wconf 83' lang='lat' dir='ltr'>adversum</span> 
     </span>
     <span class='ocr_line' id='line_1_11' title="bbox 169 883 2535 947; baseline -0.001 -17"><span class='ocrx_word' id='word_1_103' title='bbox 169 886 387 947; x_wconf 82' lang='lat' dir='ltr'>ingentes</span> <span class='ocrx_word' id='word_1_104' title='bbox 430 888 667 933; x_wconf 88' lang='lat' dir='ltr'>exercitus</span> <span class='ocrx_word' id='word_1_105' title='bbox 710 888 1013 933; x_wconf 86' lang='lat' dir='ltr'>insedisset“.</span> <span class='ocrx_word' id='word_1_106' title='bbox 1077 884 1306 929; x_wconf 85' lang='lat' dir='ltr'>Nimirum</span> <span class='ocrx_word' id='word_1_107' title='bbox 1348 883 1531 944; x_wconf 87' lang='lat' dir='ltr'>putavit</span> <span class='ocrx_word' id='word_1_108' title='bbox 1572 883 1621 928; x_wconf 89' lang='lat' dir='ltr'>in</span> <span class='ocrx_word' id='word_1_109' title='bbox 1663 883 1818 942; x_wconf 91' lang='lat' dir='ltr'>equite</span> <span class='ocrx_word' id='word_1_110' title='bbox 1861 889 1908 927; x_wconf 92' lang='lat' dir='ltr'>et</span> <span class='ocrx_word' id='word_1_111' title='bbox 1952 883 2224 943; x_wconf 91' lang='lat' dir='ltr'>obsequium</span> <span class='ocrx_word' id='word_1_112' title='bbox 2265 883 2436 939; x_wconf 91' lang='lat' dir='ltr'>maius,</span> <span class='ocrx_word' id='word_1_113' title='bbox 2486 889 2535 927; x_wconf 89' lang='lat' dir='ltr'>et</span> 
     </span>
     <span class='ocr_line' id='line_1_12' title="bbox 171 954 2533 1016; baseline -0.002 -13"><span class='ocrx_word' id='word_1_114' title='bbox 171 958 412 1004; x_wconf 85' lang='lat' dir='ltr'>audaciam</span> <span class='ocrx_word' id='word_1_115' title='bbox 455 960 559 1005; x_wconf 87' lang='lat' dir='ltr'>fore</span> <span class='ocrx_word' id='word_1_116' title='bbox 592 960 844 1005; x_wconf 80' lang='lat' dir='ltr'>minorem:</span> <span class='ocrx_word' id='word_1_117' title='bbox 889 958 1101 1016; x_wconf 83' lang='lat' dir='ltr'>idemque</span> <span class='ocrx_word' id='word_1_118' title='bbox 1135 956 1194 1001; x_wconf 94' lang='lat' dir='ltr'>de</span> <span class='ocrx_word' id='word_1_119' title='bbox 1229 954 1423 1010; x_wconf 89' lang='lat' dir='ltr'>ceteris,</span> <span class='ocrx_word' id='word_1_120' title='bbox 1466 963 1579 1014; x_wconf 87' lang='lat' dir='ltr'>quas</span> <span class='ocrx_word' id='word_1_121' title='bbox 1613 955 1845 1015; x_wconf 89' lang='lat' dir='ltr'>equitibus</span> <span class='ocrx_word' id='word_1_122' title='bbox 1880 955 2034 1011; x_wconf 86' lang='lat' dir='ltr'>dedit,</span> <span class='ocrx_word' id='word_1_123' title='bbox 2078 954 2387 1016; x_wconf 89' lang='lat' dir='ltr'>potestatibus</span> <span class='ocrx_word' id='word_1_124' title='bbox 2425 969 2533 1000; x_wconf 88' lang='lat' dir='ltr'>sen-</span> 
     </span>
     <span class='ocr_line' id='line_1_13' title="bbox 170 1025 2533 1090; baseline -0.002 -15"><span class='ocrx_word' id='word_1_125' title='bbox 170 1030 381 1077; x_wconf 90' lang='lat' dir='ltr'>tiendum</span> <span class='ocrx_word' id='word_1_126' title='bbox 416 1038 502 1077; x_wconf 90' lang='lat' dir='ltr'>est.</span> <span class='ocrx_word' id='word_1_127' title='bbox 568 1031 757 1077; x_wconf 91' lang='lat' dir='ltr'>Etenim</span> <span class='ocrx_word' id='word_1_128' title='bbox 791 1046 846 1076; x_wconf 87' lang='lat' dir='ltr'>ea</span> <span class='ocrx_word' id='word_1_129' title='bbox 877 1028 1099 1090; x_wconf 85' lang='lat' dir='ltr'>quaestio,</span> <span class='ocrx_word' id='word_1_130' title='bbox 1134 1044 1251 1089; x_wconf 87' lang='lat' dir='ltr'>quae</span> <span class='ocrx_word' id='word_1_131' title='bbox 1285 1026 1458 1081; x_wconf 87' lang='lat' dir='ltr'>nostris</span> <span class='ocrx_word' id='word_1_132' title='bbox 1490 1026 1779 1089; x_wconf 90' lang='lat' dir='ltr'>temporibus</span> <span class='ocrx_word' id='word_1_133' title='bbox 1812 1027 1921 1073; x_wconf 92' lang='lat' dir='ltr'>inde</span> <span class='ocrx_word' id='word_1_134' title='bbox 1956 1029 2012 1073; x_wconf 90' lang='lat' dir='ltr'>ab</span> <span class='ocrx_word' id='word_1_135' title='bbox 2045 1026 2289 1073; x_wconf 88' lang='lat' dir='ltr'>Ludovico</span> <span class='ocrx_word' id='word_1_136' title='bbox 2322 1026 2434 1072; x_wconf 86' lang='lat' dir='ltr'>XIV</span> <span class='ocrx_word' id='word_1_137' title='bbox 2467 1025 2533 1071; x_wconf 88' lang='lat' dir='ltr'>ci-</span> 
     </span>
     <span class='ocr_line' id='line_1_14' title="bbox 173 1094 2534 1162; baseline -0.003 -13"><span class='ocrx_word' id='word_1_138' title='bbox 173 1103 345 1148; x_wconf 78' lang='lat' dir='ltr'>vitates</span> <span class='ocrx_word' id='word_1_139' title='bbox 373 1106 541 1149; x_wconf 87' lang='lat' dir='ltr'>multas</span> <span class='ocrx_word' id='word_1_140' title='bbox 569 1103 817 1157; x_wconf 89' lang='lat' dir='ltr'>concussit,</span> <span class='ocrx_word' id='word_1_141' title='bbox 852 1110 1000 1147; x_wconf 89' lang='lat' dir='ltr'>utrum</span> <span class='ocrx_word' id='word_1_142' title='bbox 1026 1101 1151 1162; x_wconf 91' lang='lat' dir='ltr'>regis</span> <span class='ocrx_word' id='word_1_143' title='bbox 1186 1094 1350 1146; x_wconf 82' lang='lat' dir='ltr'>caussa</span> <span class='ocrx_word' id='word_1_144' title='bbox 1383 1116 1410 1144; x_wconf 83' lang='lat' dir='ltr'>a</span> <span class='ocrx_word' id='word_1_145' title='bbox 1442 1115 1494 1144; x_wconf 90' lang='lat' dir='ltr'>re</span> <span class='ocrx_word' id='word_1_146' title='bbox 1527 1100 1713 1161; x_wconf 89' lang='lat' dir='ltr'>publica</span> <span class='ocrx_word' id='word_1_147' title='bbox 1744 1115 1837 1144; x_wconf 93' lang='lat' dir='ltr'>non</span> <span class='ocrx_word' id='word_1_148' title='bbox 1864 1100 2065 1155; x_wconf 78' lang='lat' dir='ltr'>diversa,</span> <span class='ocrx_word' id='word_1_149' title='bbox 2100 1114 2157 1144; x_wconf 91' lang='lat' dir='ltr'>an</span> <span class='ocrx_word' id='word_1_150' title='bbox 2184 1106 2380 1159; x_wconf 90' lang='lat' dir='ltr'>utraque</span> <span class='ocrx_word' id='word_1_151' title='bbox 2407 1105 2534 1143; x_wconf 90' lang='lat' dir='ltr'>esset</span> 
     </span>
     <span class='ocr_line' id='line_1_15' title="bbox 175 1174 2532 1236; baseline -0.002 -15"><span class='ocrx_word' id='word_1_152' title='bbox 175 1177 231 1221; x_wconf 91' lang='lat' dir='ltr'>ab</span> <span class='ocrx_word' id='word_1_153' title='bbox 266 1177 413 1221; x_wconf 89' lang='lat' dir='ltr'>altera</span> <span class='ocrx_word' id='word_1_154' title='bbox 445 1175 746 1236; x_wconf 80' lang='lat' dir='ltr'>separabilis:</span> <span class='ocrx_word' id='word_1_155' title='bbox 791 1182 965 1229; x_wconf 90' lang='lat' dir='ltr'>utrum,</span> <span class='ocrx_word' id='word_1_156' title='bbox 1000 1174 1222 1233; x_wconf 89' lang='lat' dir='ltr'>quidquid</span> <span class='ocrx_word' id='word_1_157' title='bbox 1256 1175 1357 1235; x_wconf 92' lang='lat' dir='ltr'>regi</span> <span class='ocrx_word' id='word_1_158' title='bbox 1391 1175 1668 1235; x_wconf 79' lang='lat' dir='ltr'>placuisset,</span> <span class='ocrx_word' id='word_1_159' title='bbox 1712 1174 1851 1220; x_wconf 89' lang='lat' dir='ltr'>saluti</span> <span class='ocrx_word' id='word_1_160' title='bbox 1883 1174 2167 1235; x_wconf 89' lang='lat' dir='ltr'>reipublicae</span> <span class='ocrx_word' id='word_1_161' title='bbox 2201 1174 2532 1219; x_wconf 87' lang='lat' dir='ltr'>conducturum</span> 
     </span>
     <span class='ocr_line' id='line_1_16' title="bbox 173 1245 2534 1309; baseline -0 -16"><span class='ocrx_word' id='word_1_162' title='bbox 173 1248 323 1304; x_wconf 87' lang='lat' dir='ltr'>esset,</span> <span class='ocrx_word' id='word_1_163' title='bbox 358 1264 414 1293; x_wconf 87' lang='lat' dir='ltr'>an</span> <span class='ocrx_word' id='word_1_164' title='bbox 449 1254 576 1294; x_wconf 91' lang='lat' dir='ltr'>esset</span> <span class='ocrx_word' id='word_1_165' title='bbox 608 1246 892 1309; x_wconf 88' lang='lat' dir='ltr'>reipublicae</span> <span class='ocrx_word' id='word_1_166' title='bbox 927 1245 1074 1308; x_wconf 90' lang='lat' dir='ltr'>ipsius</span> <span class='ocrx_word' id='word_1_167' title='bbox 1109 1246 1181 1292; x_wconf 73' lang='lat' dir='ltr'>vis</span> <span class='ocrx_word' id='word_1_168' title='bbox 1215 1247 1440 1307; x_wconf 88' lang='lat' dir='ltr'>quaedam</span> <span class='ocrx_word' id='word_1_169' title='bbox 1474 1254 1609 1308; x_wconf 88' lang='lat' dir='ltr'>atque</span> <span class='ocrx_word' id='word_1_170' title='bbox 1643 1246 1937 1308; x_wconf 87' lang='lat' dir='ltr'>significatio,</span> <span class='ocrx_word' id='word_1_171' title='bbox 1971 1246 2186 1307; x_wconf 90' lang='lat' dir='ltr'>aliudque</span> <span class='ocrx_word' id='word_1_172' title='bbox 2221 1254 2347 1293; x_wconf 91' lang='lat' dir='ltr'>esset</span> <span class='ocrx_word' id='word_1_173' title='bbox 2378 1246 2426 1292; x_wconf 91' lang='lat' dir='ltr'>in</span> <span class='ocrx_word' id='word_1_174' title='bbox 2461 1245 2534 1291; x_wconf 87' lang='lat' dir='ltr'>os-</span> 
     </span>
     <span class='ocr_line' id='line_1_17' title="bbox 173 1318 2535 1380; baseline -0 -17"><span class='ocrx_word' id='word_1_175' title='bbox 173 1320 279 1363; x_wconf 83' lang='lat' dir='ltr'>ficio</span> <span class='ocrx_word' id='word_1_176' title='bbox 312 1320 439 1379; x_wconf 86' lang='lat' dir='ltr'>regis</span> <span class='ocrx_word' id='word_1_177' title='bbox 474 1336 595 1375; x_wconf 92' lang='lat' dir='ltr'>esse,</span> <span class='ocrx_word' id='word_1_178' title='bbox 630 1320 757 1364; x_wconf 91' lang='lat' dir='ltr'>aliud</span> <span class='ocrx_word' id='word_1_179' title='bbox 791 1319 1072 1380; x_wconf 89' lang='lat' dir='ltr'>reipublicae</span> <span class='ocrx_word' id='word_1_180' title='bbox 1106 1334 1176 1363; x_wconf 89' lang='lat' dir='ltr'>ma</span> <span class='ocrx_word' id='word_1_181' title='bbox 1212 1319 1423 1364; x_wconf 88' lang='lat' dir='ltr'>istratum</span> <span class='ocrx_word' id='word_1_182' title='bbox 1457 1334 1649 1380; x_wconf 81' lang='lat' dir='ltr'>gerere:</span> <span class='ocrx_word' id='word_1_183' title='bbox 1683 1334 1738 1364; x_wconf 89' lang='lat' dir='ltr'>ea</span> <span class='ocrx_word' id='word_1_184' title='bbox 1770 1326 1866 1363; x_wconf 86' lang='lat' dir='ltr'>tum</span> <span class='ocrx_word' id='word_1_185' title='bbox 1900 1318 2140 1379; x_wconf 91' lang='lat' dir='ltr'>temporis,</span> <span class='ocrx_word' id='word_1_186' title='bbox 2174 1319 2322 1363; x_wconf 90' lang='lat' dir='ltr'>adhuc</span> <span class='ocrx_word' id='word_1_187' title='bbox 2355 1318 2535 1379; x_wconf 87' lang='lat' dir='ltr'>integra</span> 
     </span>
     <span class='ocr_line' id='line_1_18' title="bbox 170 1390 2532 1450; baseline -0 -14"><span class='ocrx_word' id='word_1_188' title='bbox 170 1391 394 1436; x_wconf 88' lang='lat' dir='ltr'>memoria</span> <span class='ocrx_word' id='word_1_189' title='bbox 428 1391 673 1447; x_wconf 87' lang='lat' dir='ltr'>libertatis,</span> <span class='ocrx_word' id='word_1_190' title='bbox 708 1407 811 1437; x_wconf 93' lang='lat' dir='ltr'>cum</span> <span class='ocrx_word' id='word_1_191' title='bbox 844 1390 1042 1436; x_wconf 88' lang='lat' dir='ltr'>maxime</span> <span class='ocrx_word' id='word_1_192' title='bbox 1077 1390 1170 1450; x_wconf 88' lang='lat' dir='ltr'>agit</span> <span class='ocrx_word' id='word_1_193' title='bbox 1221 1407 1247 1435; x_wconf 87' lang='lat' dir='ltr'>a</span> <span class='ocrx_word' id='word_1_194' title='bbox 1281 1398 1367 1436; x_wconf 88' lang='lat' dir='ltr'>est.</span> <span class='ocrx_word' id='word_1_195' title='bbox 1426 1391 1527 1436; x_wconf 92' lang='lat' dir='ltr'>Nec</span> <span class='ocrx_word' id='word_1_196' title='bbox 1560 1391 1685 1450; x_wconf 92' lang='lat' dir='ltr'>quod</span> <span class='ocrx_word' id='word_1_197' title='bbox 1718 1390 1896 1435; x_wconf 88' lang='lat' dir='ltr'>Seneca</span> <span class='ocrx_word' id='word_1_198' title='bbox 1932 1391 1988 1435; x_wconf 88' lang='lat' dir='ltr'>ad</span> <span class='ocrx_word' id='word_1_199' title='bbox 2015 1391 2283 1449; x_wconf 89' lang='lat' dir='ltr'>Polybium,</span> <span class='ocrx_word' id='word_1_200' title='bbox 2318 1391 2532 1436; x_wconf 87' lang='lat' dir='ltr'>libertum</span> 
     </span>
     <span class='ocr_line' id='line_1_19' title="bbox 172 1462 2535 1524; baseline -0 -15"><span class='ocrx_word' id='word_1_201' title='bbox 172 1462 356 1510; x_wconf 86' lang='lat' dir='ltr'>Claudii</span> <span class='ocrx_word' id='word_1_202' title='bbox 390 1462 643 1524; x_wconf 60' lang='lat' dir='ltr'>scribiwss)</span> <span class='ocrx_word' id='word_1_203' title='bbox 679 1463 896 1519; x_wconf 87' lang='lat' dir='ltr'>,‚Caesar,</span> <span class='ocrx_word' id='word_1_204' title='bbox 931 1462 1005 1508; x_wconf 92' lang='lat' dir='ltr'>cui</span> <span class='ocrx_word' id='word_1_205' title='bbox 1040 1462 1193 1509; x_wconf 90' lang='lat' dir='ltr'>omnia</span> <span class='ocrx_word' id='word_1_206' title='bbox 1225 1462 1427 1509; x_wconf 83' lang='lat' dir='ltr'>licent“:</span> <span class='ocrx_word' id='word_1_207' title='bbox 1462 1463 1666 1519; x_wconf 88' lang='lat' dir='ltr'>„Caesar</span> <span class='ocrx_word' id='word_1_208' title='bbox 1698 1463 1858 1509; x_wconf 91' lang='lat' dir='ltr'>orbem</span> <span class='ocrx_word' id='word_1_209' title='bbox 1890 1469 2119 1509; x_wconf 89' lang='lat' dir='ltr'>terrarum</span> <span class='ocrx_word' id='word_1_210' title='bbox 2152 1462 2415 1524; x_wconf 80' lang='lat' dir='ltr'>possidet“,</span> <span class='ocrx_word' id='word_1_211' title='bbox 2449 1463 2535 1508; x_wconf 93' lang='lat' dir='ltr'>hac</span> 
     </span>
     <span class='ocr_line' id='line_1_20' title="bbox 173 1535 2534 1597; baseline 0 -16"><span class='ocrx_word' id='word_1_212' title='bbox 173 1542 325 1582; x_wconf 87' lang='lat' dir='ltr'>aetate</span> <span class='ocrx_word' id='word_1_213' title='bbox 367 1536 591 1581; x_wconf 90' lang='lat' dir='ltr'>nobilium</span> <span class='ocrx_word' id='word_1_214' title='bbox 636 1535 838 1580; x_wconf 92' lang='lat' dir='ltr'>omnium</span> <span class='ocrx_word' id='word_1_215' title='bbox 883 1550 1158 1581; x_wconf 91' lang='lat' dir='ltr'>consensum</span> <span class='ocrx_word' id='word_1_216' title='bbox 1214 1536 1401 1592; x_wconf 92' lang='lat' dir='ltr'>ulisset,</span> <span class='ocrx_word' id='word_1_217' title='bbox 1445 1551 1640 1596; x_wconf 92' lang='lat' dir='ltr'>quorum</span> <span class='ocrx_word' id='word_1_218' title='bbox 1674 1535 1883 1596; x_wconf 89' lang='lat' dir='ltr'>quidam,</span> <span class='ocrx_word' id='word_1_219' title='bbox 1926 1542 2113 1581; x_wconf 83' lang='lat' dir='ltr'>exstare</span> <span class='ocrx_word' id='word_1_220' title='bbox 2156 1535 2304 1581; x_wconf 91' lang='lat' dir='ltr'>adhuc</span> <span class='ocrx_word' id='word_1_221' title='bbox 2346 1550 2534 1597; x_wconf 91' lang='lat' dir='ltr'>rempu-</span> 
     </span>
     <span class='ocr_line' id='line_1_21' title="bbox 172 1607 2534 1667; baseline 0 -14"><span class='ocrx_word' id='word_1_222' title='bbox 172 1609 338 1653; x_wconf 91' lang='lat' dir='ltr'>blicam</span> <span class='ocrx_word' id='word_1_223' title='bbox 372 1609 656 1663; x_wconf 90' lang='lat' dir='ltr'>iudicantes,</span> <span class='ocrx_word' id='word_1_224' title='bbox 701 1608 812 1667; x_wconf 91' lang='lat' dir='ltr'>quid</span> <span class='ocrx_word' id='word_1_225' title='bbox 844 1608 945 1653; x_wconf 90' lang='lat' dir='ltr'>iure</span> <span class='ocrx_word' id='word_1_226' title='bbox 980 1615 1028 1653; x_wconf 91' lang='lat' dir='ltr'>et</span> <span class='ocrx_word' id='word_1_227' title='bbox 1061 1608 1225 1653; x_wconf 92' lang='lat' dir='ltr'>liceret</span> <span class='ocrx_word' id='word_1_228' title='bbox 1256 1609 1305 1653; x_wconf 94' lang='lat' dir='ltr'>in</span> <span class='ocrx_word' id='word_1_229' title='bbox 1340 1624 1395 1653; x_wconf 89' lang='lat' dir='ltr'>ea</span> <span class='ocrx_word' id='word_1_230' title='bbox 1428 1615 1476 1652; x_wconf 91' lang='lat' dir='ltr'>et</span> <span class='ocrx_word' id='word_1_231' title='bbox 1508 1608 1761 1652; x_wconf 91' lang='lat' dir='ltr'>deberetur</span> <span class='ocrx_word' id='word_1_232' title='bbox 1792 1607 2018 1666; x_wconf 87' lang='lat' dir='ltr'>principi,</span> <span class='ocrx_word' id='word_1_233' title='bbox 2065 1609 2210 1653; x_wconf 91' lang='lat' dir='ltr'>multo</span> <span class='ocrx_word' id='word_1_234' title='bbox 2244 1608 2534 1662; x_wconf 90' lang='lat' dir='ltr'>certioribus,</span> 
     </span>
     <span class='ocr_line' id='line_1_22' title="bbox 174 1678 2531 1741; baseline 0 -16"><span class='ocrx_word' id='word_1_235' title='bbox 174 1696 308 1741; x_wconf 85' lang='lat' dir='ltr'>quam</span> <span class='ocrx_word' id='word_1_236' title='bbox 343 1680 563 1741; x_wconf 87' lang='lat' dir='ltr'>princeps</span> <span class='ocrx_word' id='word_1_237' title='bbox 598 1680 716 1741; x_wconf 89' lang='lat' dir='ltr'>ipse,</span> <span class='ocrx_word' id='word_1_238' title='bbox 749 1679 921 1725; x_wconf 90' lang='lat' dir='ltr'>finibus</span> <span class='ocrx_word' id='word_1_239' title='bbox 955 1679 1482 1738; x_wconf 77' lang='lat' dir='ltr'>circumscribebant.⁷⁰)</span> <span class='ocrx_word' id='word_1_240' title='bbox 1548 1678 1841 1724; x_wconf 85' lang='lat' dir='ltr'>Contrarium</span> <span class='ocrx_word' id='word_1_241' title='bbox 1875 1687 1968 1735; x_wconf 90' lang='lat' dir='ltr'>est,</span> <span class='ocrx_word' id='word_1_242' title='bbox 2003 1681 2125 1740; x_wconf 92' lang='lat' dir='ltr'>quod</span> <span class='ocrx_word' id='word_1_243' title='bbox 2156 1680 2204 1726; x_wconf 92' lang='lat' dir='ltr'>in</span> <span class='ocrx_word' id='word_1_244' title='bbox 2238 1681 2416 1726; x_wconf 88' lang='lat' dir='ltr'>arcanis</span> <span class='ocrx_word' id='word_1_245' title='bbox 2449 1681 2531 1725; x_wconf 92' lang='lat' dir='ltr'>im—</span> 
     </span>
     <span class='ocr_line' id='line_1_23' title="bbox 174 1751 2536 1813; baseline 0.001 -16"><span class='ocrx_word' id='word_1_246' title='bbox 174 1753 298 1812; x_wconf 90' lang='lat' dir='ltr'>perii</span> <span class='ocrx_word' id='word_1_247' title='bbox 331 1753 550 1797; x_wconf 85' lang='lat' dir='ltr'>habuisse</span> <span class='ocrx_word' id='word_1_248' title='bbox 584 1753 844 1811; x_wconf 88' lang='lat' dir='ltr'>Augustum</span> <span class='ocrx_word' id='word_1_249' title='bbox 877 1752 1091 1796; x_wconf 79' lang='lat' dir='ltr'>tradunt:</span> <span class='ocrx_word' id='word_1_250' title='bbox 1135 1766 1217 1795; x_wconf 90' lang='lat' dir='ltr'>cur</span> <span class='ocrx_word' id='word_1_251' title='bbox 1250 1751 1404 1796; x_wconf 89' lang='lat' dir='ltr'>munia</span> <span class='ocrx_word' id='word_1_252' title='bbox 1437 1757 1647 1806; x_wconf 76' lang='lat' dir='ltr'>senatuS,</span> <span class='ocrx_word' id='word_1_253' title='bbox 1682 1751 2054 1811; x_wconf 88' lang='lat' dir='ltr'>magistratuum,</span> <span class='ocrx_word' id='word_1_254' title='bbox 2088 1752 2242 1813; x_wconf 90' lang='lat' dir='ltr'>legum</span> <span class='ocrx_word' id='word_1_255' title='bbox 2276 1752 2324 1799; x_wconf 92' lang='lat' dir='ltr'>in</span> <span class='ocrx_word' id='word_1_256' title='bbox 2357 1770 2408 1799; x_wconf 92' lang='lat' dir='ltr'>se</span> <span class='ocrx_word' id='word_1_257' title='bbox 2441 1758 2536 1798; x_wconf 88' lang='lat' dir='ltr'>tra-</span> 
     </span>
     <span class='ocr_line' id='line_1_24' title="bbox 177 1821 2536 1886; baseline 0.001 -18"><span class='ocrx_word' id='word_1_258' title='bbox 177 1823 292 1868; x_wconf 88' lang='lat' dir='ltr'>here</span> <span class='ocrx_word' id='word_1_259' title='bbox 321 1823 492 1884; x_wconf 91' lang='lat' dir='ltr'>coepit,</span> <span class='ocrx_word' id='word_1_260' title='bbox 526 1839 608 1868; x_wconf 93' lang='lat' dir='ltr'>cur</span> <span class='ocrx_word' id='word_1_261' title='bbox 638 1821 867 1868; x_wconf 88' lang='lat' dir='ltr'>aerarium</span> <span class='ocrx_word' id='word_1_262' title='bbox 900 1821 1151 1883; x_wconf 91' lang='lat' dir='ltr'>publicum,</span> <span class='ocrx_word' id='word_1_263' title='bbox 1185 1823 1334 1867; x_wconf 88' lang='lat' dir='ltr'>adhuc</span> <span class='ocrx_word' id='word_1_264' title='bbox 1361 1838 1386 1867; x_wconf 87' lang='lat' dir='ltr'>a</span> <span class='ocrx_word' id='word_1_265' title='bbox 1420 1822 1533 1868; x_wconf 89' lang='lat' dir='ltr'>fisco</span> <span class='ocrx_word' id='word_1_266' title='bbox 1567 1822 1752 1869; x_wconf 91' lang='lat' dir='ltr'>nomine</span> <span class='ocrx_word' id='word_1_267' title='bbox 1785 1831 2064 1884; x_wconf 88' lang='lat' dir='ltr'>separatum,</span> <span class='ocrx_word' id='word_1_268' title='bbox 2098 1841 2190 1871; x_wconf 90' lang='lat' dir='ltr'>non</span> <span class='ocrx_word' id='word_1_269' title='bbox 2217 1825 2368 1871; x_wconf 91' lang='lat' dir='ltr'>minus</span> <span class='ocrx_word' id='word_1_270' title='bbox 2402 1842 2536 1886; x_wconf 89' lang='lat' dir='ltr'>quam</span> 
     </span>
     <span class='ocr_line' id='line_1_25' title="bbox 178 1893 2536 1960; baseline 0.001 -20"><span class='ocrx_word' id='word_1_271' title='bbox 178 1895 295 1940; x_wconf 93' lang='lat' dir='ltr'>illud</span> <span class='ocrx_word' id='word_1_272' title='bbox 329 1895 520 1940; x_wconf 88' lang='lat' dir='ltr'>arbitrio</span> <span class='ocrx_word' id='word_1_273' title='bbox 555 1910 640 1940; x_wconf 92' lang='lat' dir='ltr'>suo</span> <span class='ocrx_word' id='word_1_274' title='bbox 675 1894 893 1940; x_wconf 79' lang='lat' dir='ltr'>subiecit:</span> <span class='ocrx_word' id='word_1_275' title='bbox 929 1910 1010 1940; x_wconf 90' lang='lat' dir='ltr'>cur</span> <span class='ocrx_word' id='word_1_276' title='bbox 1042 1893 1440 1955; x_wconf 84' lang='lat' dir='ltr'>procuratoribuS,</span> <span class='ocrx_word' id='word_1_277' title='bbox 1475 1901 1524 1940; x_wconf 94' lang='lat' dir='ltr'>ut</span> <span class='ocrx_word' id='word_1_278' title='bbox 1542 1895 1882 1959; x_wconf 33' lang='lat' dir='ltr'>‘patrimonium</span> <span class='ocrx_word' id='word_1_279' title='bbox 1916 1912 2050 1942; x_wconf 91' lang='lat' dir='ltr'>suum</span> <span class='ocrx_word' id='word_1_280' title='bbox 2084 1897 2315 1958; x_wconf 78' lang='lat' dir='ltr'>privatus,</span> <span class='ocrx_word' id='word_1_281' title='bbox 2348 1914 2536 1960; x_wconf 91' lang='lat' dir='ltr'>rempu-</span> 
     </span>
     <span class='ocr_line' id='line_1_26' title="bbox 180 1966 2537 2030; baseline 0.002 -18"><span class='ocrx_word' id='word_1_282' title='bbox 180 1968 347 2012; x_wconf 84' lang='lat' dir='ltr'>blicam</span> <span class='ocrx_word' id='word_1_283' title='bbox 382 1966 692 2012; x_wconf 87' lang='lat' dir='ltr'>administrari</span> <span class='ocrx_word' id='word_1_284' title='bbox 726 1967 888 2011; x_wconf 70' lang='lat' dir='ltr'>voluit.</span> <span class='ocrx_word' id='word_1_285' title='bbox 955 1967 1173 2027; x_wconf 83' lang='lat' dir='ltr'>Separari</span> <span class='ocrx_word' id='word_1_286' title='bbox 1207 1982 1233 2011; x_wconf 87' lang='lat' dir='ltr'>a</span> <span class='ocrx_word' id='word_1_287' title='bbox 1266 1967 1489 2028; x_wconf 89' lang='lat' dir='ltr'>principis</span> <span class='ocrx_word' id='word_1_288' title='bbox 1532 1984 1582 2013; x_wconf 90' lang='lat' dir='ltr'>re</span> <span class='ocrx_word' id='word_1_289' title='bbox 1624 1969 1806 2030; x_wconf 76' lang='lat' dir='ltr'>privata</span> <span class='ocrx_word' id='word_1_290' title='bbox 1838 1969 2170 2030; x_wconf 86' lang='lat' dir='ltr'>rempublicam</span> <span class='ocrx_word' id='word_1_291' title='bbox 2203 1970 2292 2016; x_wconf 90' lang='lat' dir='ltr'>iam</span> <span class='ocrx_word' id='word_1_292' title='bbox 2335 1972 2537 2026; x_wconf 89' lang='lat' dir='ltr'>nolebat,</span> 
     </span>
     <span class='ocr_line' id='line_1_27' title="bbox 181 2038 2537 2103; baseline 0.002 -20"><span class='ocrx_word' id='word_1_293' title='bbox 181 2040 312 2084; x_wconf 84' lang='lat' dir='ltr'>cuius</span> <span class='ocrx_word' id='word_1_294' title='bbox 346 2039 527 2084; x_wconf 90' lang='lat' dir='ltr'>consilii</span> <span class='ocrx_word' id='word_1_295' title='bbox 562 2039 850 2098; x_wconf 88' lang='lat' dir='ltr'>exsequendi</span> <span class='ocrx_word' id='word_1_296' title='bbox 884 2055 1021 2097; x_wconf 89' lang='lat' dir='ltr'>quum</span> <span class='ocrx_word' id='word_1_297' title='bbox 1056 2055 1145 2083; x_wconf 87' lang='lat' dir='ltr'>una</span> <span class='ocrx_word' id='word_1_298' title='bbox 1177 2038 1295 2082; x_wconf 82' lang='lat' dir='ltr'>ratio</span> <span class='ocrx_word' id='word_1_299' title='bbox 1330 2047 1469 2093; x_wconf 91' lang='lat' dir='ltr'>esset,</span> <span class='ocrx_word' id='word_1_300' title='bbox 1507 2049 1558 2085; x_wconf 93' lang='lat' dir='ltr'>ut</span> <span class='ocrx_word' id='word_1_301' title='bbox 1589 2041 1799 2101; x_wconf 86' lang='lat' dir='ltr'>potentia</span> <span class='ocrx_word' id='word_1_302' title='bbox 1831 2042 1995 2097; x_wconf 76' lang='lat' dir='ltr'>omnis,</span> <span class='ocrx_word' id='word_1_303' title='bbox 2028 2043 2371 2103; x_wconf 87' lang='lat' dir='ltr'>magistratibus</span> <span class='ocrx_word' id='word_1_304' title='bbox 2405 2051 2537 2087; x_wconf 81' lang='lat' dir='ltr'>vete-</span> 
     </span>
     <span class='ocr_line' id='line_1_28' title="bbox 181 2109 2537 2175; baseline 0.003 -21"><span class='ocrx_word' id='word_1_305' title='bbox 181 2110 309 2154; x_wconf 89' lang='lat' dir='ltr'>ribus</span> <span class='ocrx_word' id='word_1_306' title='bbox 337 2111 571 2171; x_wconf 88' lang='lat' dir='ltr'>derogata,</span> <span class='ocrx_word' id='word_1_307' title='bbox 600 2110 658 2155; x_wconf 88' lang='lat' dir='ltr'>ad</span> <span class='ocrx_word' id='word_1_308' title='bbox 687 2109 843 2155; x_wconf 82' lang='lat' dir='ltr'>officia</span> <span class='ocrx_word' id='word_1_309' title='bbox 869 2111 1033 2155; x_wconf 89' lang='lat' dir='ltr'>domus</span> <span class='ocrx_word' id='word_1_310' title='bbox 1053 2110 1290 2170; x_wconf 85' lang='lat' dir='ltr'>Augustae</span> <span class='ocrx_word' id='word_1_311' title='bbox 1317 2111 1664 2168; x_wconf 83' lang='lat' dir='ltr'>transferretur,</span> <span class='ocrx_word' id='word_1_312' title='bbox 1693 2127 1810 2172; x_wconf 87' lang='lat' dir='ltr'>quae</span> <span class='ocrx_word' id='word_1_313' title='bbox 1837 2113 1927 2158; x_wconf 90' lang='lat' dir='ltr'>iam</span> <span class='ocrx_word' id='word_1_314' title='bbox 1953 2113 2000 2159; x_wconf 91' lang='lat' dir='ltr'>in</span> <span class='ocrx_word' id='word_1_315' title='bbox 2028 2129 2080 2159; x_wconf 89' lang='lat' dir='ltr'>se</span> <span class='ocrx_word' id='word_1_316' title='bbox 2106 2121 2353 2175; x_wconf 89' lang='lat' dir='ltr'>receptura</span> <span class='ocrx_word' id='word_1_317' title='bbox 2379 2116 2537 2160; x_wconf 90' lang='lat' dir='ltr'>orbem</span> 
     </span>
     <span class='ocr_line' id='line_1_29' title="bbox 181 2182 2538 2249; baseline 0.003 -23"><span class='ocrx_word' id='word_1_318' title='bbox 181 2191 304 2236; x_wconf 86' lang='lat' dir='ltr'>erat,</span> <span class='ocrx_word' id='word_1_319' title='bbox 348 2199 439 2227; x_wconf 92' lang='lat' dir='ltr'>non</span> <span class='ocrx_word' id='word_1_320' title='bbox 472 2182 530 2227; x_wconf 90' lang='lat' dir='ltr'>iis</span> <span class='ocrx_word' id='word_1_321' title='bbox 564 2182 827 2227; x_wconf 90' lang='lat' dir='ltr'>hominibus</span> <span class='ocrx_word' id='word_1_322' title='bbox 862 2182 928 2227; x_wconf 94' lang='lat' dir='ltr'>uti</span> <span class='ocrx_word' id='word_1_323' title='bbox 963 2182 1137 2243; x_wconf 90' lang='lat' dir='ltr'>potuit,</span> <span class='ocrx_word' id='word_1_324' title='bbox 1181 2182 1260 2242; x_wconf 93' lang='lat' dir='ltr'>qui</span> <span class='ocrx_word' id='word_1_325' title='bbox 1293 2183 1517 2228; x_wconf 88' lang='lat' dir='ltr'>maiorum</span> <span class='ocrx_word' id='word_1_326' title='bbox 1549 2201 1679 2230; x_wconf 92' lang='lat' dir='ltr'>more</span> <span class='ocrx_word' id='word_1_327' title='bbox 1712 2185 1953 2246; x_wconf 88' lang='lat' dir='ltr'>republica</span> <span class='ocrx_word' id='word_1_328' title='bbox 1985 2186 2240 2246; x_wconf 88' lang='lat' dir='ltr'>capessita,</span> <span class='ocrx_word' id='word_1_329' title='bbox 2283 2203 2376 2232; x_wconf 89' lang='lat' dir='ltr'>non</span> <span class='ocrx_word' id='word_1_330' title='bbox 2409 2188 2538 2249; x_wconf 90' lang='lat' dir='ltr'>prin-</span> 
     </span>
     <span class='ocr_line' id='line_1_30' title="bbox 181 2253 2538 2320; baseline 0.003 -22"><span class='ocrx_word' id='word_1_331' title='bbox 181 2254 333 2314; x_wconf 88' lang='lat' dir='ltr'>cipem</span> <span class='ocrx_word' id='word_1_332' title='bbox 367 2255 536 2309; x_wconf 87' lang='lat' dir='ltr'>colere,</span> <span class='ocrx_word' id='word_1_333' title='bbox 570 2254 653 2299; x_wconf 87' lang='lat' dir='ltr'>sed</span> <span class='ocrx_word' id='word_1_334' title='bbox 685 2253 908 2299; x_wconf 90' lang='lat' dir='ltr'>maiorum</span> <span class='ocrx_word' id='word_1_335' title='bbox 941 2253 1154 2299; x_wconf 86' lang='lat' dir='ltr'>instituta</span> <span class='ocrx_word' id='word_1_336' title='bbox 1186 2262 1503 2311; x_wconf 83' lang='lat' dir='ltr'>assueverant,</span> <span class='ocrx_word' id='word_1_337' title='bbox 1538 2257 1622 2301; x_wconf 90' lang='lat' dir='ltr'>sed</span> <span class='ocrx_word' id='word_1_338' title='bbox 1649 2256 1724 2312; x_wconf 90' lang='lat' dir='ltr'>iis,</span> <span class='ocrx_word' id='word_1_339' title='bbox 1756 2257 1833 2315; x_wconf 94' lang='lat' dir='ltr'>qui</span> <span class='ocrx_word' id='word_1_340' title='bbox 1865 2274 1925 2302; x_wconf 86' lang='lat' dir='ltr'>ex</span> <span class='ocrx_word' id='word_1_341' title='bbox 1959 2258 2123 2302; x_wconf 91' lang='lat' dir='ltr'>humili</span> <span class='ocrx_word' id='word_1_342' title='bbox 2155 2258 2258 2304; x_wconf 93' lang='lat' dir='ltr'>loco</span> <span class='ocrx_word' id='word_1_343' title='bbox 2291 2275 2378 2318; x_wconf 91' lang='lat' dir='ltr'>per</span> <span class='ocrx_word' id='word_1_344' title='bbox 2408 2260 2538 2320; x_wconf 88' lang='lat' dir='ltr'>prin-</span> 
     </span>
     <span class='ocr_line' id='line_1_31' title="bbox 181 2324 2538 2388; baseline 0.003 -18"><span class='ocrx_word' id='word_1_345' title='bbox 181 2325 334 2386; x_wconf 88' lang='lat' dir='ltr'>cipem</span> <span class='ocrx_word' id='word_1_346' title='bbox 368 2325 519 2386; x_wconf 90' lang='lat' dir='ltr'>ipsum</span> <span class='ocrx_word' id='word_1_347' title='bbox 547 2324 712 2381; x_wconf 82' lang='lat' dir='ltr'>evecti,</span> <span class='ocrx_word' id='word_1_348' title='bbox 745 2325 1040 2387; x_wconf 90' lang='lat' dir='ltr'>imperatoris</span> <span class='ocrx_word' id='word_1_349' title='bbox 1071 2326 1268 2372; x_wconf 87' lang='lat' dir='ltr'>salutem</span> <span class='ocrx_word' id='word_1_350' title='bbox 1302 2343 1328 2372; x_wconf 91' lang='lat' dir='ltr'>a</span> <span class='ocrx_word' id='word_1_351' title='bbox 1361 2326 1592 2373; x_wconf 91' lang='lat' dir='ltr'>communi</span> <span class='ocrx_word' id='word_1_352' title='bbox 1625 2342 1799 2387; x_wconf 88' lang='lat' dir='ltr'>suaque</span> <span class='ocrx_word' id='word_1_353' title='bbox 1832 2327 2040 2388; x_wconf 76' lang='lat' dir='ltr'>ipsorum</span> <span class='ocrx_word' id='word_1_354' title='bbox 2072 2329 2285 2381; x_wconf 71' lang='lat' dir='ltr'>utilitate</span> <span class='ocrx_word' id='word_1_355' title='bbox 2305 2330 2538 2377; x_wconf 79' lang='lat' dir='ltr'>diversam</span> 
     </span>
     <span class='ocr_line' id='line_1_32' title="bbox 180 2396 2538 2462; baseline 0.003 -21"><span class='ocrx_word' id='word_1_356' title='bbox 180 2413 274 2441; x_wconf 90' lang='lat' dir='ltr'>non</span> <span class='ocrx_word' id='word_1_357' title='bbox 308 2398 552 2441; x_wconf 88' lang='lat' dir='ltr'>habebant.</span> <span class='ocrx_word' id='word_1_358' title='bbox 616 2397 671 2440; x_wconf 93' lang='lat' dir='ltr'>In</span> <span class='ocrx_word' id='word_1_359' title='bbox 713 2396 786 2441; x_wconf 92' lang='lat' dir='ltr'>his</span> <span class='ocrx_word' id='word_1_360' title='bbox 831 2397 1124 2456; x_wconf 91' lang='lat' dir='ltr'>obsequium,</span> <span class='ocrx_word' id='word_1_361' title='bbox 1169 2398 1217 2442; x_wconf 89' lang='lat' dir='ltr'>in</span> <span class='ocrx_word' id='word_1_362' title='bbox 1259 2397 1333 2442; x_wconf 95' lang='lat' dir='ltr'>his</span> <span class='ocrx_word' id='word_1_363' title='bbox 1376 2398 1522 2452; x_wconf 84' lang='lat' dir='ltr'>fides,</span> <span class='ocrx_word' id='word_1_364' title='bbox 1564 2397 1612 2441; x_wconf 88' lang='lat' dir='ltr'>in</span> <span class='ocrx_word' id='word_1_365' title='bbox 1653 2398 1727 2442; x_wconf 85' lang='lat' dir='ltr'>his</span> <span class='ocrx_word' id='word_1_366' title='bbox 1770 2406 1870 2442; x_wconf 87' lang='lat' dir='ltr'>erat</span> <span class='ocrx_word' id='word_1_367' title='bbox 1910 2400 2196 2461; x_wconf 85' lang='lat' dir='ltr'>principatus</span> <span class='ocrx_word' id='word_1_368' title='bbox 2239 2403 2538 2462; x_wconf 87' lang='lat' dir='ltr'>praesidium.</span> 
     </span>
     <span class='ocr_line' id='line_1_33' title="bbox 180 2467 2539 2536; baseline 0.003 -23"><span class='ocrx_word' id='word_1_369' title='bbox 180 2468 321 2530; x_wconf 78' lang='lat' dir='ltr'>Quod</span> <span class='ocrx_word' id='word_1_370' title='bbox 347 2467 387 2513; x_wconf 94' lang='lat' dir='ltr'>si</span> <span class='ocrx_word' id='word_1_371' title='bbox 414 2483 474 2513; x_wconf 84' lang='lat' dir='ltr'>ex</span> <span class='ocrx_word' id='word_1_372' title='bbox 500 2468 702 2527; x_wconf 86' lang='lat' dir='ltr'>equestri</span> <span class='ocrx_word' id='word_1_373' title='bbox 728 2468 906 2526; x_wconf 89' lang='lat' dir='ltr'>ordine,</span> <span class='ocrx_word' id='word_1_374' title='bbox 932 2469 1009 2529; x_wconf 92' lang='lat' dir='ltr'>qui</span> <span class='ocrx_word' id='word_1_375' title='bbox 1033 2469 1142 2516; x_wconf 91' lang='lat' dir='ltr'>inde</span> <span class='ocrx_word' id='word_1_376' title='bbox 1167 2470 1223 2515; x_wconf 92' lang='lat' dir='ltr'>ab</span> <span class='ocrx_word' id='word_1_377' title='bbox 1248 2469 1569 2530; x_wconf 89' lang='lat' dir='ltr'>antiquissimo</span> <span class='ocrx_word' id='word_1_378' title='bbox 1592 2477 1803 2532; x_wconf 89' lang='lat' dir='ltr'>tempore</span> <span class='ocrx_word' id='word_1_379' title='bbox 1830 2471 2124 2518; x_wconf 89' lang='lat' dir='ltr'>seminarium</span> <span class='ocrx_word' id='word_1_380' title='bbox 2152 2472 2241 2518; x_wconf 89' lang='lat' dir='ltr'>fuit</span> <span class='ocrx_word' id='word_1_381' title='bbox 2266 2475 2539 2536; x_wconf 72' lang='lat' dir='ltr'>senatus,⁸⁰)</span> 
     </span>
    </p>
   </div>
   <div class='ocr_carea' id='block_1_3' title="bbox 185 2677 2539 2901">
    <p class='ocr_par' dir='ltr' id='par_1_3' title="bbox 185 2677 2539 2901">
     <span class='ocr_line' id='line_1_34' title="bbox 185 2677 1866 2729; baseline 0.005 -19"><span class='ocrx_word' id='word_1_382' title='bbox 185 2681 228 2722; x_wconf 78' lang='grc' dir='ltr'>Π)</span> <span class='ocrx_word' id='word_1_383' title='bbox 253 2679 332 2712; x_wconf 75' lang='lat' dir='ltr'>Tac.</span> <span class='ocrx_word' id='word_1_384' title='bbox 357 2679 443 2712; x_wconf 85' lang='lat' dir='ltr'>Ann.</span> <span class='ocrx_word' id='word_1_385' title='bbox 469 2678 509 2720; x_wconf 75' lang='lat'>2,</span> <span class='ocrx_word' id='word_1_386' title='bbox 544 2677 597 2712; x_wconf 89' lang='grc'>59.</span> <span class='ocrx_word' id='word_1_387' title='bbox 645 2677 686 2712; x_wconf 79' lang='lat' dir='ltr'>cs.</span> <span class='ocrx_word' id='word_1_388' title='bbox 719 2679 811 2713; x_wconf 79' lang='lat' dir='ltr'>Suet,</span> <span class='ocrx_word' id='word_1_389' title='bbox 844 2679 943 2713; x_wconf 80' lang='lat' dir='ltr'>caes.</span> <span class='ocrx_word' id='word_1_390' title='bbox 977 2679 1028 2714; x_wconf 83' lang='lat'>35.</span> <span class='ocrx_word' id='word_1_391' title='bbox 1073 2681 1224 2725; x_wconf 86' lang='lat' dir='ltr'>Regnum</span> <span class='ocrx_word' id='word_1_392' title='bbox 1254 2682 1319 2715; x_wconf 85' lang='lat' dir='ltr'>Ae·</span> <span class='ocrx_word' id='word_1_393' title='bbox 1406 2683 1451 2726; x_wconf 65' lang='grc' dir='ltr'>1Θ)</span> <span class='ocrx_word' id='word_1_394' title='bbox 1477 2681 1578 2717; x_wconf 78' lang='lat' dir='ltr'>Cous.</span> <span class='ocrx_word' id='word_1_395' title='bbox 1601 2682 1645 2716; x_wconf 85' lang='lat' dir='ltr'>ad</span> <span class='ocrx_word' id='word_1_396' title='bbox 1668 2683 1791 2729; x_wconf 87' lang='lat' dir='ltr'>Polyb.</span> <span class='ocrx_word' id='word_1_397' title='bbox 1814 2685 1866 2720; x_wconf 74' lang='lat'>26.</span> 
     </span>
     <span class='ocr_line' id='line_1_35' title="bbox 225 2723 1434 2771; baseline 0.003 -16"><span class='ocrx_word' id='word_1_398' title='bbox 225 2724 318 2767; x_wconf 84' lang='lat' dir='ltr'>gypti</span> <span class='ocrx_word' id='word_1_399' title='bbox 347 2723 459 2756; x_wconf 82' lang='lat' dir='ltr'>victor</span> <span class='ocrx_word' id='word_1_400' title='bbox 483 2723 688 2765; x_wconf 79' lang='lat' dir='ltr'>Cleopatrae</span> <span class='ocrx_word' id='word_1_401' title='bbox 720 2723 879 2765; x_wconf 75' lang='lat' dir='ltr'>fratrique</span> <span class='ocrx_word' id='word_1_402' title='bbox 907 2724 977 2756; x_wconf 85' lang='lat' dir='ltr'>eius</span> <span class='ocrx_word' id='word_1_403' title='bbox 1010 2725 1126 2757; x_wconf 89' lang='lat' dir='ltr'>minori</span> <span class='ocrx_word' id='word_1_404' title='bbox 1161 2726 1319 2768; x_wconf 85' lang='lat' dir='ltr'>permisit,</span> <span class='ocrx_word' id='word_1_405' title='bbox 1407 2749 1434 2771; x_wconf 58' lang='grc' dir='ltr'><strong><em>Ν</em></strong></span> 
     </span>
     <span class='ocr_line' id='line_1_36' title="bbox 226 2748 1701 2808; baseline 0.003 -10"><span class='ocrx_word' id='word_1_406' title='bbox 226 2767 352 2798; x_wconf 82' lang='lat' dir='ltr'>veritus</span> <span class='ocrx_word' id='word_1_407' title='bbox 382 2767 594 2808; x_wconf 72' lang='lat' dir='ltr'>provinciam</span> <span class='ocrx_word' id='word_1_408' title='bbox 624 2765 755 2805; x_wconf 79' lang='lat' dir='ltr'>facere,</span> <span class='ocrx_word' id='word_1_409' title='bbox 788 2777 830 2798; x_wconf 88' lang='lat' dir='ltr'>ne</span> <span class='ocrx_word' id='word_1_410' title='bbox 855 2767 1053 2808; x_wconf 85' lang='lat' dir='ltr'>quandoque</span> <span class='ocrx_word' id='word_1_411' title='bbox 1084 2769 1319 2802; x_wconf 83' lang='lat' dir='ltr'>violentiorem</span> <span class='ocrx_word' id='word_1_412' title='bbox 1435 2749 1450 2791; x_wconf 83' lang='grc'>)</span> <span class='ocrx_word' id='word_1_413' title='bbox 1475 2758 1507 2781; x_wconf 69' lang='lat' dir='ltr'>v·</span> <span class='ocrx_word' id='word_1_414' title='bbox 1531 2759 1563 2791; x_wconf 69' lang='grc' dir='ltr'>Ρ·</span> <span class='ocrx_word' id='word_1_415' title='bbox 1587 2748 1629 2782; x_wconf 75' lang='lat'>53</span> <span class='ocrx_word' id='word_1_416' title='bbox 1653 2759 1701 2791; x_wconf 68' lang='lat' dir='ltr'>sq·</span> 
     </span>
     <span class='ocr_line' id='line_1_37' title="bbox 225 2808 2539 2861; baseline 0.003 -20"><span class='ocrx_word' id='word_1_417' title='bbox 225 2808 417 2861; x_wconf 62' lang='lat' dir='ltr'>praesidem</span> <span class='ocrx_word' id='word_1_418' title='bbox 443 2814 543 2843; x_wconf 77' lang='lat' dir='ltr'>nacta</span> <span class='ocrx_word' id='word_1_419' title='bbox 566 2818 735 2842; x_wconf 83' lang='lat' dir='ltr'>novarum</span> <span class='ocrx_word' id='word_1_420' title='bbox 759 2818 872 2842; x_wconf 88' lang='lat' dir='ltr'>rerum</span> <span class='ocrx_word' id='word_1_421' title='bbox 896 2809 1034 2843; x_wconf 82' lang='lat' dir='ltr'>materia</span> <span class='ocrx_word' id='word_1_422' title='bbox 1058 2817 1157 2845; x_wconf 84' lang='lat' dir='ltr'>esset.</span> <span class='ocrx_word' id='word_1_423' title='bbox 1196 2812 1238 2846; x_wconf 81' lang='lat' dir='ltr'>cl‘.</span> <span class='ocrx_word' id='word_1_424' title='bbox 1256 2813 1317 2847; x_wconf 81' lang='lat' dir='ltr'>Ar·</span> <span class='ocrx_word' id='word_1_425' title='bbox 1406 2813 1451 2855; x_wconf 78' lang='lat'>⁸⁰)</span> <span class='ocrx_word' id='word_1_426' title='bbox 1480 2811 1516 2844; x_wconf 84' lang='lat' dir='ltr'>V.</span> <span class='ocrx_word' id='word_1_427' title='bbox 1550 2822 1583 2856; x_wconf 88' lang='lat' dir='ltr'>p.</span> <span class='ocrx_word' id='word_1_428' title='bbox 1615 2813 1635 2847; x_wconf 95' lang='grc'>7</span> <span class='ocrx_word' id='word_1_429' title='bbox 1664 2818 1756 2847; x_wconf 67' lang='lat' dir='ltr'>nott·</span> <span class='ocrx_word' id='word_1_430' title='bbox 1778 2811 1830 2846; x_wconf 82' lang='grc'>30.</span> <span class='ocrx_word' id='word_1_431' title='bbox 1862 2812 1906 2849; x_wconf 87' lang='grc'>30</span> <span class='ocrx_word' id='word_1_432' title='bbox 1922 2824 1951 2847; x_wconf 86' lang='lat' dir='ltr'>a.</span> <span class='ocrx_word' id='word_1_433' title='bbox 1975 2812 2027 2848; x_wconf 82' lang='lat'>³1.</span> <span class='ocrx_word' id='word_1_434' title='bbox 2073 2813 2113 2847; x_wconf 87' lang='lat' dir='ltr'>L.</span> <span class='ocrx_word' id='word_1_435' title='bbox 2137 2813 2207 2847; x_wconf 76' lang='lat' dir='ltr'>lun.</span> <span class='ocrx_word' id='word_1_436' title='bbox 2231 2811 2375 2847; x_wconf 83' lang='lat' dir='ltr'>Brutum</span> <span class='ocrx_word' id='word_1_437' title='bbox 2406 2819 2539 2858; x_wconf 80' lang='lat' dir='ltr'>patrum</span> 
     </span>
     <span class='ocr_line' id='line_1_38' title="bbox 224 2852 2538 2901; baseline 0.003 -17"><span class='ocrx_word' id='word_1_438' title='bbox 224 2863 307 2885; x_wconf 77' lang='lat' dir='ltr'>nau.</span> <span class='ocrx_word' id='word_1_439' title='bbox 331 2863 407 2895; x_wconf 83' lang='lat' dir='ltr'>exp.</span> <span class='ocrx_word' id='word_1_440' title='bbox 428 2854 481 2886; x_wconf 78' lang='lat' dir='ltr'>Al.</span> <span class='ocrx_word' id='word_1_441' title='bbox 506 2856 539 2893; x_wconf 85' lang='lat'>3,</span> <span class='ocrx_word' id='word_1_442' title='bbox 563 2854 596 2893; x_wconf 85' lang='lat'>5,</span> <span class='ocrx_word' id='word_1_443' title='bbox 622 2855 651 2887; x_wconf 87' lang='lat'>7.</span> <span class='ocrx_word' id='word_1_444' title='bbox 676 2852 802 2895; x_wconf 79' lang='lat' dir='ltr'>Krueg.</span> <span class='ocrx_word' id='word_1_445' title='bbox 1448 2866 1632 2897; x_wconf 87' lang='lat' dir='ltr'>numerum,</span> <span class='ocrx_word' id='word_1_446' title='bbox 1655 2858 1857 2900; x_wconf 82' lang='lat' dir='ltr'>primoribus</span> <span class='ocrx_word' id='word_1_447' title='bbox 1873 2858 2040 2900; x_wconf 77' lang='lat' dir='ltr'>equestris</span> <span class='ocrx_word' id='word_1_448' title='bbox 2056 2857 2180 2901; x_wconf 78' lang='lat' dir='ltr'>gradus</span> <span class='ocrx_word' id='word_1_449' title='bbox 2202 2858 2296 2891; x_wconf 80' lang='lat' dir='ltr'>lectis</span> <span class='ocrx_word' id='word_1_450' title='bbox 2315 2858 2538 2901; x_wconf 74' lang='lat' dir='ltr'>supplevisse,</span> 
     </span>
    </p>
   </div>
  </div>
 </body>
</html>
