2720 3402
381 253 438 313 Q.
470 254 675 310 Mucius,
725 256 779 300 Ρ.
813 256 870 300 F.
902 257 959 301 Ρ.
1002 258 1060 303 Ν.
1098 258 1349 311 Scaevola,
1397 257 1614 318 pontifex
1656 256 1906 310 maximus,
1929 256 1990 316 ⁰³)
2039 270 2080 299 a.
2121 255 2187 299 94
2226 256 2385 301 Asiam
2425 272 2513 317 per

177 335 345 370 novem
385 342 568 374 menses
609 345 695 389 pro
737 337 953 390 praetore
996 330 1411 376 administraverat.
1435 331 1493 390 ⁸⁴)
1556 331 1807 375 Invenerat
1838 329 1995 374 Asiam
2027 329 2286 374 confectam
2318 329 2513 374 avaritia

176 394 459 459 iniuriisque.
478 400 823 461 publicanorum
836 438 848 459 ,
880 402 975 463 qui,
1008 401 1214 463 eiluitum
1246 400 1429 448 iudiciis
1462 401 1597 458 freti,
1625 401 1747 449 nihilx
1774 417 1800 447 a
1833 400 2084 462 cupiditate
2115 400 2364 458 intactum,
2395 401 2511 448 nihil

177 482 209 515 a.
233 468 423 519 libidine
455 486 622 535 purum
652 473 949 537 reliquerant.
967 474 1026 538 ⁶⁵)
1075 474 1140 521 At
1163 473 1391 521 Scaevola
1421 487 1513 521 non
1545 474 1682 521 modo
1714 473 1818 536 ipse
1850 487 1954 521 cum
1986 473 2230 521 comitibus
2263 473 2363 521 suis
2394 473 2510 521 nulli

176 544 378 605 sumptui
419 551 523 591 esse
555 548 848 608 provinciae,
891 549 979 594 sed
1009 548 1148 595 etiam
1180 547 1448 610 incorrupta
1487 547 1664 591 iustitia
1704 546 1898 591 iniurias
1938 547 2285 608 publicanorum
2329 547 2512 611 legibus

175 631 412 673 coercere,
443 619 665 680 quidquid
696 637 859 666 caussa
890 622 1073 684 cognita
1102 621 1281 665 iudices
1312 618 1714 682 pronuntiassent,
1747 619 1872 674 dari,
1904 620 2010 663 fieri
2040 635 2231 681 cogere,
2277 622 2511 666 atrociora

177 689 366 738 crimina
408 695 627 754 prosequi
667 711 818 756 poena
854 695 1054 757 capitali.
1077 695 1145 756 ¹³⁰).
1201 695 1273 740 Ita
1306 709 1446 754 quum
1487 692 1786 753 integerrime
1827 692 2095 753 provinciae
2136 695 2439 754 praefuisset,
2482 712 2510 741 a

177 760 373 812 Graecis
414 765 597 826 quidem
637 767 685 816 in
717 769 941 815 honorem
973 768 1073 816 eius
1106 767 1207 815 dies
1239 767 1389 814 festus
1423 765 1700 816 constitutus
1732 772 1828 823 est,
1851 764 1910 828 157)
1952 765 2186 828 publicani
2217 774 2368 814 autem
2409 768 2507 815 fre-

177 837 373 884 mebant.
395 837 455 901 ⁸⁸)
518 841 586 887 Ac
625 842 823 905 primum
864 842 1048 904 quidem
1090 841 1140 888 hi
1181 842 1237 888 P.
1269 840 1496 888 Rutilium
1527 840 1702 887 Rufum
1746 838 1954 902 aggressi
1986 845 2117 896 sunt,
2160 839 2309 887 virum
2341 856 2507 888 consu-

137 962 140 964 ,
177 910 333 968 larem,
358 912 416 974 ⁶⁹)
445 930 583 975 quem
614 916 813 976 legatum
832 916 889 977 ⁷⁰)
923 932 1080 961 secum
1113 915 1309 961 duxerat
1341 914 1591 970 Scaevola,
1624 912 1858 959 hominem
1893 912 2256 968 sanctissimum,
2287 914 2506 962 innocen-

177 982 416 1042 tissimum,
439 987 500 1048 ²¹)
530 988 969 1051 frugalissimum‚²²)
1001 988 1214 1045 Panaetii
1246 987 1516 1044 auditorem,
1535 986 1592 1048 ⁷³)
1626 987 1710 1032 sed
1743 985 2033 1048 optimatium
2066 986 2189 1048 parti
2221 988 2426 1034 deditum
2459 996 2508 1035 et

177 1057 339 1119 populi
369 1058 730 1106 misericordiam
763 1066 1074 1122 spernentem.
1098 1059 1158 1123 ⁷⁴)
1221 1060 1386 1116 Hunc,
1419 1059 1541 1120 quod
1571 1074 1676 1103 cum
1707 1065 1925 1121 praetore
1956 1075 2043 1104 suo
2076 1059 2416 1118 consensisset,
2448 1076 2508 1106 ne

178 1129 288 1190 quid
327 1132 561 1193 publicani
599 1132 648 1178 in
690 1133 992 1194 vectigalibus
1034 1132 1276 1194 exigendis
1318 1138 1506 1194 praeter
1545 1132 1619 1176 fas
1659 1139 1873 1193 agerent,
1898 1132 1956 1194 ⁷⁵)
2005 1148 2045 1178 a.
2078 1132 2142 1178 93
2174 1149 2262 1195 per
2291 1134 2509 1197 Apicium

176 1204 402 1262 quendam
426 1204 483 1263 7ὃ)
531 1220 593 1250 ex
639 1205 744 1264 lege
786 1204 987 1251 Servilia
1022 1205 1092 1251 :de
1139 1204 1408 1265 repetundis
1449 1210 1707 1250 accusatum
1756 1206 2117 1252 condemnarunt
2155 1213 2373 1266 tanquam
2420 1225 2508 1270 pro

175 1275 236 1337 Q.
268 1274 423 1323 Mucio
464 1274 512 1322 in
552 1274 792 1338 provincia
830 1280 1022 1324 munera
1062 1275 1340 1338 accepisset,
1365 1275 1423 1338 77)
1470 1290 1610 1337 quum
1650 1275 1730 1323 ille
1771 1292 1858 1323 nec
1889 1277 1946 1324 L.
1979 1278 2147 1325 Crasso
2188 1295 2276 1325 nec
2307 1279 2373 1327 Μ.
2407 1281 2506 1328 An-

178 1346 320 1405 tonio,
352 1347 468 1394 viris
494 1349 898 1411 eloquentissimis,
932 1348 1257 1396 defensoribus
1282 1349 1352 1396 uti
1383 1349 1542 1406 vellet,
1575 1349 1660 1394 scd
1685 1348 1788 1411 ipse
1821 1365 1908 1412 pro
1939 1366 1991 1397 se
2022 1350 2199 1397 diceret
2228 1360 2506 1415 praeterque

179 1431 283 1469 eum
313 1422 368 1469 G.
402 1423 560 1482 Cotta,
592 1423 767 1470 sororis
799 1423 899 1470 eius
931 1423 1080 1481 filius,
1123 1429 1172 1470 et
1202 1423 1268 1470 Μ.
1301 1423 1541 1470 Scaevola.
1560 1421 1618 1485 78)
1684 1421 1887 1469 Rutilius
1900 1457 1912 1481 ‚
1954 1423 2151 1487 pecunia
2180 1424 2520 1489 multatus,·²⁹)·

183 1645 228 1688 ω)
250 1643 348 1679 Hunc
377 1643 626 1688 intelligendum
648 1655 742 1685 csse,
776 1656 843 1679 non
866 1643 911 1681 0..
933 1643 1083 1679 Mucium
1106 1644 1306 1679 Scaevolam

223 1697 398 1731 augurem,
432 1688 674 1721 demonstravit
706 1688 867 1722 Krcbsius
899 1689 933 1721 in
965 1688 1071 1722 diario
1104 1689 1306 1722 scholastico

226 1733 318 1768 1828.
341 1730 380 1765 11.
402 1730 448 1765 Ν.
471 1732 524 1772 43,
551 1741 638 1774 quae
659 1731 850 1766 dissertatio
872 1733 1014 1776 repetita
1037 1738 1089 1766 est
1109 1732 1153 1766 ab
1176 1731 1307 1767 Orellio

224 1773 300 1807 Vol.
323 1775 394 1807 vn.
442 1800 449 1807 .
472 1777 537 1808 407
559 1786 633 1818 sqq.

183 1820 228 1862 ⁶⁴)
251 1786 527 1853 Pseudo-Xscon.
551 1818 594 1852 ad
617 1819 685 1852 Cic.
709 1818 823 1853 Divin.
846 1819 878 1853 in
901 1818 999 1853 Verr.
1025 1818 1076 1860 1⁷,
1100 1831 1132 1864 p.
1158 1818 1219 1852 122
1242 1817 1304 1853 Or.

222 1862 367 1913 Diodor.
392 1873 465 1894 exc.
487 1875 520 1905 p.
543 1863 609 1895 610
630 1864 745 1895 Wess.
769 1863 846 1895 Vol.
872 1863 927 1895 lv,
950 1875 983 1906 p.
1009 1863 1082 1896 152.
1126 1864 1227 1896 Dind.
1249 1863 1304 1895 Li-

183 1914 239 1990 ω7),
248 1903 449 1980 'gagi-''72-
473 1904 965 1994 pgowcggsssg‘ssppfflznkmd
985 1948 1042 1988 τὴν
1063 1949 1179 1981 Ἀσίαν
1200 1950 1303 1992 δημο-

224 1993 347 2032 conium,
367 1990 538 2028 κοινωνοῠς
559 1993 724 2035 ἐσχηκότες
745 1991 818 2028 τούς·
835 1994 871 2025 ἐν
889 1993 929 2037 τῇ
941 1992 1031 2036 ‘Peripa
1070 1992 1127 2028 τοὶς
1142 1994 1304 2037 δημοσίας

224 2039 345 2089 κρίσεις
372 2037 661 2074 καταδικάζοντας,
699 2037 919 2079 ἀνομημάτων
949 2005 1066 2075 5⁷1qu

186 2081 529 2166 “fuicfjgixgrerdfflmc
555 2119 670 2161 (error
700 2125 751 2151 est
783 2120 854 2152 sine
886 2119 986 2151 dubio
1014 2119 1047 2151 in
1070 2118 1137 2151 hoc
1157 2129 1298 2162 praeno-

226 2167 333 2207 mine,
367 2176 464 2209 quum
493 2165 526 2198 in
559 2163 744 2207 fragmento
780 2163 1002 2198 antecedente
1039 2169 1151 2214 recte*
1170 2163 1299 2196 dicatur

225 2211 401 2251 Κὸὀντος.)
436 2210 453 2241 ὁ
476 2210 675 2243 summas
697 2211 767 2244 ταῖς
789 2209 851 2251 μέν
873 2209 1109 2242 ammomum,-
1130 2208 1298 2250 ωδιωφθό-

229 2256 318 2300 ροιςόι
332 2254 366 2287 αὶ
381 2253 527 2299 ἀκριβέσι
537 2253 753 2297 χρησάμενος,
774 2252 813 2285 οδ
832 2254 937 2296 μόνον
957 2253 1062 2299 ndens·
1084 2253 1299 2294 συκοφαντίας

227 2300 379 2340 ἀπήλλαξε
401 2298 473 2332 τούς
492 2297 574 2330 κατὰ
595 2296 651 2336 τήν
673 2298 843 2341 ἐπαρχίαν,
884 2296 892 2306 “
942 2295 951 2304 “
971 2295 1026 2327 καὶ
1049 2294 1091 2328 τοὶ
1111 2295 1175 2328 τῶν
1195 2296 1298 2339 δημο-

229 2344 353 2376 omnir
381 2342 575 2385 ἀνομήματα
603 2341 829 2385 διωρθώσατο.
871 2340 951 2373 πᾶσι
971 2338 1037 2385 γὰρ
1061 2340 1129 2374 τοῖς
1149 2340 1297 2383 ἠδικημέ-

222 2394 296 2424 ’νως
317 2386 432 2431 ἀκριβῆ
453 2387 603 2430 κριτήρια
623 2384 867 2429 προσὶατεύων,
896 2384 1089 2418 καταδίκους
1110 2384 1145 2416 ἐν
1179 2382 1299 2416 ἅπασιν

229 2432 330 2464 ἐποίει
356 2430 436 2472 rmiq
456 2429 677 2471 δημοσιώνας,
709 2429 765 2461 καὶ
795 2427 852 2463 τοὶς
879 2428 945 2472 μὲν
973 2426 1149 2472 ἀργυρικὰς
1177 2428 1299 2471 βλάβας

226 2478 296 2510 τοῖς
326 2473 524 2517 ἠδικημένοις
555 2473 689 2505 ἐκτίνειν
720 2473 899 2515 ἠνάγκαζε,
934 2470 974 2505 τοὶ
995 2472 1032 2507 δὲ
1053 2470 1219 2505 θανατικοὶ
1236 2472 1299 2505 τῶν

229 2520 436 2565 ἐγκλημάτων
456 2517 543 2558 ἠξίου
561 2517 701 2567 κρίσεως.
721 2516 904 2557 θανατικῆς.

187 2565 232 2605 ⁰¹)
255 2561 544 2595 Pseudo-Ancon.
566 2559 588 2591 Ι.
612 2558 634 2590 l.
658 2558 758 2590 Diod.
782 2558 804 2590 l.
827 2558 849 2591 Ι.

186 2608 232 2649 ⁶⁸)
255 2607 324 2639 Cic.
347 2615 398 2649 pr.
421 2603 536 2637 Plane.
561 2602 621 2643 13,
650 2601 703 2635 33.
753 2600 910 2644 Equitum
931 2611 996 2644 ego
1018 2600 1246 2635 Romanorum
1266 2601 1298 2634 in

227 2650 379 2683 homines
413 2647 637 2681 nobilissimos
673 2645 870 2684 maledicta,
909 2638 1160 2687 publicanorum
1191 2646 1225 2678 in
1256 2644 1299 2680 Q.

227 2691 447 2732 Scaevolam,
467 2691 576 2724 virum
599 2689 750 2722 omnibus
772 2688 924 2732 ingenio,
946 2688 1091 2729 iustitis,
1110 2688 1300 2733 integritate

227 2740 463 2781 praestantem,
485 2744 607 2778 aspere
629 2738 663 2766 et
685 2732 843 2767 ferociter
865 2737 899 2765 et
921 2731 1028 2766 libere
1050 2732 1140 2766 dicta
1157 2743 1299 2766 commc-

225 2780 377 2814 morem!

185 2826 230 2868 ⁰⁰)
254 2822 380 2858 Consul
403 2821 510 2856 fuerat
532 2831 562 2854 a.
588 2819 660 2854 105.

186 2870 230 2910 ²⁰)
253 2869 319 2901 Liv
353 2879 406 2910 ep.
430 2867 481 2899 70.
526 2864 627 2898 Diod.
657 2864 679 2897 Ι.
708 2863 730 2896 l.
761 2864 983 2907 ἐπιλεξάμενος
1004 2863 1060 2896 τὸν
1082 2863 1218 2910 ἄριστον
1238 2863 1302 2897 τῶν

226 2914 332 2956 φίλων
351 2912 533 2957 σύμβουλον
559 2912 704 2944 Κόϊντον
723 2909 892 2941 Ῥοτόλων.
943 2906 1061 2940 Virum
1090 2907 1302 2942 consularem

1066 2039 1213 2081 ρόκεσαν
1245 2036 1303 2076 τὴν

1425 1643 1527 1688 legati
1548 1653 1687 1678 munere
1710 1642 1813 1689 fungi,-
1833 1655 1900 1678 non
1922 1645 1993 1678 sine
2015 1645 2172 1689 exemplo
2196 1650 2257 1679 est.
2294 1645 2335 1679 V.
2354 1645 2442 1680 nuk.
2460 1647 2505 1681 ad

1425 1687 1500 1721 Liv.
1523 1687 1546 1720 1.
1569 1687 1591 1720 Ι.
1617 1687 1844 1723 quaestorem
1866 1689 1945 1721 dicit
1967 1688 2246 1722 Pseudo-Ascua.
2269 1689 2292 1722 Ι.
2307 1689 2330 1722 l.
2355 1689 2442 1723 Pom
2468 1702 2505 1723 o-

1426 1732 1499 1765 nius
1530 1731 1573 1764 de
1602 1732 1653 1764 ori
1677 1731 1730 1764 ‘ne
1753 1732 1834 1765 iuris
1865 1731 1909 1765 D.
1932 1732 1963 1766 2.
1987 1733 2037 1766 tit.
2060 1731 2094 1772 2,
2115 1732 2147 1766 2.
2170 1732 2198 1776 5.
2221 1732 2282 1767 ⁴⁰:
2318 1733 2409 1775 „Ab
2468 1735 2506 1768 is

1425 1775 1619 1819 profecti
1671 1781 1744 1817 unt
1769 1775 1809 1808 P.
1841 1775 2036 1809 Rutilius
2065 1776 2221 1816 Rufus,
2257 1778 2327 1820 qui
2348 1777 2507 1811 Romae

1426 1818 1581 1853 consul
1613 1824 1654 1852 et
1687 1819 1823 1853 Asiae
1859 1821 2097 1864 proconsul
2132 1820 2226 1855 fuit.
2284 1819 2320 1854 ln
2354 1832 2506 1855 errorem

1425 1864 1580 1896 inductus
1603 1859 1739 1895 videtur
1761 1871 2025 1897 commemorato
2047 1865 2161 1897 Rutilii
2183 1866 2376 1906 consulatu,
2397 1877 2507 1908 neque

1424 1906 1511 1939 enim
1532 1906 1686 1949 Zumptio
1709 1906 1887 1948 assentior,
1911 1908 1966 1950 qui
2012 1913 2103 1948 ucat,
2129 1908 2298 1942 Scaevola
2319 1909 2363 1942 ad
2384 1919 2503 1942 consu-

1422 1949 1526 1981 latum
1554 1949 1732 1991 petendum
1755 1949 1896 1982 Romam
1919 1961 1983 1993 pro
1997 1957 2075 1983 ecto
2097 1951 2255 1983 Rutilium
2278 1963 2341 1994 pro
2364 1953 2504 1984 consule

1420 1992 1522 2025 Asiae
1545 1991 1697 2026 relictum
1712 2003 1800 2026 esse.
1835 2004 1868 2027 v.
1886 1994 2016 2037 Zumpt.
2037 1995 2081 2028 ad
2101 1994 2169 2028 Cic.
2188 1994 2265 2028 Div.
2283 1996 2315 2028 in
2332 1994 2429 2029 verr.
2443 1996 2464 2029 l.
2478 1996 2500 2030 Ι.

1381 2036 1424 2077 ⁷¹)
1448 2035 1517 2067 Cic.
1540 2045 1604 2077 pro
1627 2036 1758 2068 Scauro
1784 2037 1823 2075 1,
1848 2037 1878 2069 2.
1902 2038 1944 2069 de
1967 2048 2017 2070 or.
2043 2038 2073 2078 l,
2096 2038 2150 2077 53,
2173 2037 2247 2070 229.
2270 2048 2334 2080 pro
2358 2038 2500 2072 Fonteio

1421 2078 1480 2117 13,
1517 2077 1569 2111 ⁸28.
1591 2076 1689 2111 Brut.
1719 2079 1778 2118 30,
1812 2079 1882 2112 113.
1905 2081 1938 2112 in
1960 2079 2074 2113 Pison.
2098 2080 2160 2120 30,
2190 2080 2244 2113 95.
2267 2081 2310 2113 de
2332 2079 2377 2114 N.
2401 2081 2443 2115 D.
2467 2083 2500 2122 3,

1417 2120 1472 2160 3⁶2,
1493 2120 1546 2152 so.
1570 2119 1642 2152 Liv.
1667 2131 1719 2164 ep.
1744 2122 1793 2152 70.
1839 2122 1958 2154 venei.
1981 2122 2014 2163 2,
2041 2122 2092 2163 13,
2114 2122 2145 2155 2.
2181 2122 2259 2155 Tac.
2281 2124 2368 2156 Am
2391 2126 2424 2166 4,
2447 2125 2500 2158 43.

1417 2161 1518 2198 Oros.
1542 2164 1584 2204 5,
1619 2164 1669 2197 17.
1721 2164 1797 2198 Dio.
1829 2166 1868 2198 fr.
1901 2166 1971 2199 100.
2002 2167 2135 2200 Seneca
2166 2167 2238 2200 sere
2264 2179 2401 2212 semper
2424 2180 2501 2203 eum

1417 2218 1491 2240 cum
1523 2207 1664 2240 Socrate
1693 2213 1727 2240 et
1760 2209 1889 2241 Catone
1919 2210 2077 2243 nominat.
2108 2220 2143 2243 v.
2172 2211 2302 2243 consol.
2324 2212 2369 2244 ad
2392 2212 2502 2246 Marc.

1415 2249 1469 2283 ⁶22.
1491 2250 1534 2283 de
1557 2261 1653 2293 prov.
1673 2251 1705 2284 3.
1729 2251 1772 2284 de
1796 2257 1903 2295 tranq.
1926 2264 1979 2286 an.
2007 2253 2055 2286 15.
2080 2253 2124 2286 de
2146 2253 2257 2287 benef.
2280 2255 2314 2295 5,
2336 2255 2387 2289 17.
2400 2255 2435 2298 6,
2449 2256 2502 2290 37.

1417 2305 1469 2338 ep.
1491 2293 1544 2327 24.
1567 2294 1620 2327 67.
1643 2294 1695 2327 98.
1721 2295 1762 2328 rs.
1785 2296 1959 2373 Sdialding.
1986 2297 2032 2330 ad
2055 2297 2172 2333 Quint.
2195 2299 2230 2339 5,
2252 2297 2287 2340 2,
2309 2300 2341 2332 4.

1377 2339 1421 2405 ἔξ)
1443 2337 1564 2391 Athen.
1586 2338 1619 2378 6,
1642 2350 1673 2381 p.
1696 2338 1769 2372 ⁴274.

1406 2384 1421 2426 )
1445 2381 1512 2414 Cic.
1536 2382 1592 2415 off.
1614 2382 1646 2422 3,
1668 2381 1701 2423 2,
1727 2383 1775 2416 10.
1820 2382 1920 2417 Brut.
1944 2384 1999 2426 30,
2024 2385 2097 2418 114.

1378 2427 1426 2478 7θ).
1444 2425 1533 2478 Flor.
1549 2426 1590 2478 ’3,
1616 2426 1664 2459 17.
1701 2426 1825 2480 Fuerat
1847 2428 1979 2481 legatus
1989 2428 2125 2462 Metelli
2135 2428 2305 2463 Numidici
2327 2441 2358 2463 a.
2374 2430 2444 2484 109.
2467 2437 2501 2464 et

1416 2470 1949 2553 {qumulzufifgacsssssogessffio
1957 2473 2435 2561 03;.p¹el;ognggn¹;gisit'osa
2444 2475 2501 2552 onae

1417 2558 1566 2589 ornatius
1600 2559 1732 2600 quidem
1764 2560 1901 2600 dicere,
1932 2571 2031 2603 quam
2059 2562 2202 2604 simplex
2235 2563 2319 2594 ratio
2349 2564 2500 2595 veritatis

1418 2600 1560 2634 serebat.
1585 2600 1653 2635 cte.
1677 2602 1721 2635 de
1744 2614 1794 2636 or.
1820 2604 1850 2644 1,
1873 2604 1928 2646 53,
1948 2603 2025 2638 229.
2047 2603 2146 2639 Brut.
2168 2606 2223 2646 30,
2248 2606 2318 2638 115.

1379 2646 1421 2687 ¹¹⁵)
1443 2644 1722 2679 Pseudo-Ancon.
1745 2647 1766 2679 l.
1789 2648 1811 2679 l.
1835 2647 1913 2680 Dio.
1936 2648 1958 2680 l.
1982 2648 2004 2681 Ι.

1380 2689 1422 2731 ²⁶)
1443 2687 1567 2720 Athen.
1590 2689 1624 2729 4,
1648 2699 1680 2732 p.
1706 2689 1777 2723 16⁸.
1792 2690 1835 2724 D.
1869 2690 1925 2724 Dc
1946 2701 2037 2725 enno
2067 2703 2099 2725 v.
2113 2692 2256 2724 clinton.
2280 2690 2353 2723 [asti
2368 2691 2500 2725 Hellen.

1416 2731 1513 2807 εἴτε.
1535 2731 1594 2807 {ize
1623 2732 1764 2767 cxxw
1793 2733 1977 2779 olympiad
1998 2741 2035 2769 to
2058 2735 2116 2770 tbe
2138 2735 2250 2769 Deatli
2273 2735 2312 2768 of
2329 2736 2500 2780 Augustus

1380 2819 1423 2905 :⁴¹³3
1446 2817 1523 2894 3³¹3
1538 2817 1636 2895 iirln't.
1660 2864 1715 2904 3⁰,
1741 2864 1812 2898 115.
1836 2864 1879 2898 de
1902 2875 1952 2898 m».
1977 2865 1998 2898 ι.
2021 2865 2041 2898 ι.

1380 2907 1423 2950 79)
1445 2904 1524 2939 Dio.
1548 2905 1569 2939 l.
1594 2906 1616 2939 l.

1960 2967 1985 3005 5
