2720 3402
139 110 229 162 24

351 256 397 301 5.
433 256 674 303 Summum
707 271 824 302 vero
861 264 1182 304 ornamentum
1217 263 1264 303 et
1295 270 1417 303 nova
1449 271 1551 301 cum
1585 255 1799 318 principe
1835 255 2092 302 necessitas
2126 255 2358 316 equitibus
2392 269 2510 316 equo

144 345 191 390 p.
217 329 415 375 accessit
447 328 662 375 instituto
695 345 727 391 p
739 329 833 375 rin
845 329 938 392 cip
951 347 977 376 e
1012 330 1028 376 i
1039 347 1070 377 u
1081 347 1150 377 ve
1161 347 1192 376 n
1203 336 1221 376 t
1231 346 1261 376 u
1272 330 1351 376 tis
1361 366 1372 386 ,
1388 330 1405 357 ⁸
1415 329 1447 390 7)
1482 344 1618 390 quem
1652 329 1710 375 ad
1742 329 1829 375 hos
1863 329 1989 375 solos
2021 327 2258 390 pertinere
2291 344 2385 374 non
2417 343 2510 373 uno

141 407 356 448 veterum
388 397 657 448 testimonio
691 404 1042 464 comprobatum
1078 409 1164 449 est.
1212 403 1451 464 Augustus
1485 400 1588 463 ipse
1621 400 1670 447 in
1696 401 1825 447 Mon.
1843 402 1958 447 Anc.
1987 402 2081 447 tab.
2099 400 2171 446 ΙΙΙ
2204 415 2231 445 a
2263 400 2383 446 laev.
2408 400 2439 445 l.
2469 399 2509 448 l.

141 473 411 520 Honoris
444 474 558 519 mei
592 489 797 532 causa,
831 475 995 537 inquit,
1031 482 1273 522 senatus
1305 474 1684 537 populusque
1717 473 1997 520 Romanus
2031 488 2228 520 annum
2262 473 2511 534 quintum

144 554 201 592 et
235 547 521 592 decimum
566 555 818 608 agentes
852 549 1136 593 consules
1170 546 1538 607 designavit,
1582 552 1644 590 ut
1677 562 1804 591 eum
1836 547 2251 608 magistratum
2284 546 2511 590 inirent

143 627 281 680 post
314 616 811 680 quinquennium,
846 628 903 667 et
937 637 1007 666 ex
1040 637 1106 666 eo
1139 620 1256 675 die,
1289 635 1399 678 quo
1433 619 1680 665 deducti
1713 620 1940 665 suntin
1974 621 2191 674 forum,
2224 625 2285 664 ut
2315 618 2511 664 inter—

146 696 356 738 essent
389 690 680 739 consiliis
713 691 980 755 publicis
1014 690 1286 739 decrevit
1318 696 1587 738 senatus:
1622 690 1862 752 equites
1896 697 2075 739 autem
2110 689 2346 738 Romani
2379 689 2511 737 uni-

145 763 314 811 versi
347 765 689 828 principem
722 765 1063 813 iuventutis
1097 763 1482 827 utr(um)qu(e)
1525 762 1747 826 (eo)rum
1781 764 2029 827 par(mis)
2063 763 2163 826 (e)t
2195 762 2386 810 hastis
2420 777 2513 810 ar—

146 838 388 898 genteis
431 839 546 884 don
559 846 656 885 atu
669 856 714 885 m
757 855 866 901 app
879 840 1040 885 ellav
1053 844 1237 885 erunt.
1262 837 1324 898 ⁸⁸)
1388 838 1600 899 Quocum
1643 838 1877 883 consentit
1919 838 2058 884 inser.
2102 852 2177 898 ap.
2218 837 2513 893 Panvinium,

148 926 175 956 a
208 910 401 957 Norisio
435 911 502 957 ita
535 912 754 972 suppleta
766 927 780 957 z
2053 918 2057 919 ⁷

521 982 845 1045 PRINcipem
886 981 1285 1028 IVVENTVTIS
1326 980 1699 1042 Appellaverunt
1741 997 1804 1027 sc.
1847 980 2044 1041 Equites
2086 979 2144 1026 R.

834 1055 1018 1117 QVEM
1051 1054 1184 1100 GOS.
1218 1053 1520 1100 POPVLVS
1557 1053 1840 1100 GREAVIT

1084 1125 1230 1171 ANN.
1263 1127 1411 1171 NAT.
1445 1125 1601 1170 XIIII.

741 1216 795 1245 ac
828 1198 1125 1243 SENATVS
1157 1198 1245 1242 ΕΤ
1279 1197 1580 1242 POPVLVS
1614 1197 1925 1245 ROMANVS

664 1272 723 1317 ob
757 1270 1087 1317 HONOREM
1119 1269 1344 1315 DOMVS
1376 1269 1729 1315 AVGVSTAE
1762 1269 2002 1317 KALAtis

1005 1342 1205 1388 comitiis
1242 1341 1510 1404 pontificem
1545 1342 1672 1388 fecit.

152 1418 207 1461 In
240 1431 428 1461 nummo
455 1423 611 1462 autem
635 1416 854 1469 Neronis,
889 1415 1088 1472 alioque,
1124 1416 1379 1459 Commodo
1402 1415 1592 1460 Caesari
1625 1415 1793 1469 dicato,
1826 1431 2013 1476 parmae
2040 1415 2314 1476 inscriptum
2348 1416 2517 1476 legitur

151 1488 504 1550 EQVESTER
547 1487 726 1534 ORDO
768 1486 1060 1533 PRINCIPI
1100 1486 1169 1532 IV
1172 1486 1304 1532 VEN
1307 1487 1505 1532 TVTIS
1517 1523 1529 1543 ,
1553 1487 1614 1548 ⁸⁹)
1657 1487 1873 1548 idemque
1907 1487 1955 1534 in
1991 1488 2294 1550 inscriptione
2338 1494 2516 1534 statuae

154 1577 229 1622 ap.
264 1560 521 1607 Gruterum
545 1558 605 1620 ⁰⁰)

608 1630 859 1677 NERONI
893 1630 1178 1676 CLAVDIO
1212 1629 1430 1676 DRVSO
1465 1630 1616 1677 GER.
1651 1631 1785 1677 GOS.
1818 1630 2076 1678 DESIGN.

746 1702 1099 1763 EQVESTER
1132 1702 1311 1746 ORDo
1344 1703 1634 1748 PRINclPl
1666 1703 1929 1748 IVVENT.

156 1783 205 1821 et
237 1777 287 1821 in
319 1775 520 1820 nummis
545 1775 687 1820 Caius
721 1781 769 1818 et
795 1773 986 1829 Lucius,
1020 1774 1259 1834 Agrippae
1291 1774 1391 1829 filii,
1426 1774 1775 1835 conspiciuntur
1808 1782 1886 1820 aut
1918 1782 2109 1830 stantes,
2144 1775 2310 1821 dextra
2342 1777 2518 1823 hastam

160 1865 264 1894 cum
288 1848 460 1910 clypeo
485 1845 615 1892 humi
639 1844 904 1903 attinenteS,
932 1851 1012 1891 aut
1035 1845 1178 1892 iidem
1203 1845 1381 1908 equites
1407 1847 1545 1893 citato
1570 1863 1723 1904 cursu,
1751 1864 1854 1893 cum
1876 1847 2017 1894 inser.
2037 1848 2089 1893 C.
2110 1847 2167 1894 L.
2189 1850 2521 1898 CAESARES

206 2023 300 2059 SCto
322 2021 457 2067 publice
479 2021 702 2066 privatimque
724 2020 865 2063 litatum,
889 2022 1135 2066 quotannisque
1149 2021 1192 2057 ΙΙΙ
1207 2019 1298 2057 Non.
1337 2023 1342 2061 Ι
1426 2021 1561 2067 Lampr.
1592 2022 1686 2057 Alex.
1718 2023 1799 2057 Sev.
1831 2022 1885 2058 57.
1936 2020 2023 2058 Post
2053 2020 2119 2057 hoc
2150 2034 2225 2058 cum
2255 2024 2380 2072 ingenti
2413 2027 2520 2073 gloria

208 2069 277 2102 lan.
310 2073 394 2099 vota
425 2067 515 2099 sacta
542 2072 627 2099 sunt.
673 2078 705 2099 v.
730 2066 837 2108 lntpp.
871 2067 914 2099 ad
942 2067 1021 2099 Tac.
1047 2068 1131 2099 Ann.
1159 2068 1216 2106 14,
1250 2068 1299 2100 17.
1338 2064 1341 2104 l
1427 2075 1460 2099 et
1485 2068 1666 2100 comitante
1690 2074 1820 2107 senata,
1845 2069 1991 2109 equestri
2014 2069 2133 2100 ordine
2156 2075 2258 2110 atque
2282 2073 2371 2103 omni
2394 2074 2520 2116 populo

211 2112 262 2152 lti,
285 2109 338 2143 2‘2.
383 2108 513 2142 Multos
542 2109 626 2142 alios
654 2109 769 2142 laudat
791 2108 955 2142 Marinius
987 2109 1008 2142 l.
1036 2110 1057 2143 l.
1085 2110 1097 2142 l
1126 2122 1157 2153 p.
1181 2112 1232 2145 56.
1257 2111 1298 2144 57
1338 2121 1340 2132 ⁴
1424 2110 1592 2144 Palatium
1623 2111 1829 2144 conscendit.
1884 2110 2025 2144 Trebell.
2058 2111 2147 2145 Poll.
2171 2112 2258 2145 Gall.
2290 2114 2357 2147 duo
2381 2118 2418 2148 8.
2452 2116 2519 2149 lam

209 2165 311 2198 quum
342 2164 375 2186 v.
399 2154 409 2185 i
435 2163 517 2185 sum.
563 2154 672 2194 Atque
701 2154 734 2185 in
766 2153 963 2194 quibusdam
994 2153 1112 2186 horum
1144 2160 1298 2186 votorum
1338 2133 1342 2175 Ι
1426 2155 1567 2196 primum
1591 2155 1678 2186 inter
1702 2159 1839 2196 togatos
1862 2159 1990 2197 patres,
2014 2159 2047 2186 et
2070 2160 2260 2196 equestrem
2284 2158 2449 2199 ordinem.
2474 2159 2540 2191 al->

210 2200 246 2233 S.
273 2198 313 2232 1¹.
339 2196 383 2233 Q.
438 2223 445 2229 .
470 2196 667 2236 nominatur,
691 2197 740 2239 (v.
758 2195 851 2230 Grut.
868 2208 899 2239 p.
915 2196 968 2237 58,
993 2198 1018 2231 l.
1059 2196 1198 2240 Poggini
1223 2196 1298 2231 fast.
1425 2197 1524 2231 batos
1555 2197 1676 2231 milites
1708 2206 1742 2231 et
1773 2198 1861 2231 omni
1893 2197 2020 2241 populo
2051 2205 2254 2241 praeeunte,
2287 2204 2396 2235 servis
2421 2205 2519 2236 etiam

209 2242 335 2273 l’raen.
358 2252 391 2282 p.
418 2239 481 2272 119
493 2240 523 2271 b.
570 2239 678 2272 Orelli
700 2240 797 2271 inser.
823 2251 853 2271 n.
877 2240 957 2281 601)
987 2246 1019 2271 et
1043 2252 1072 2272 a.
1100 2234 1141 2272 123
1162 2253 1192 2272 a.
1218 2241 1298 2272 Chr.

1425 2251 1535 2282 prope
1565 2242 1711 2273 omnium
1743 2247 1775 2273 et
1809 2241 2001 2273 mulieribus
2035 2252 2110 2272 cum
2139 2244 2247 2274 cereis
2277 2250 2310 2277 et
2333 2245 2462 2280 facibus
2486 2258 2505 2278 e

209 2284 279 2320 ludi
302 2283 410 2318 votivi
443 2293 504 2326 pro
530 2282 638 2316 reditu
662 2283 712 2317 Au
738 2282 800 2317 usti
823 2293 863 2317 ex
888 2283 980 2318 SCto
1004 2282 1098 2318 fiunt.
1147 2284 1243 2318 Grut.
1269 2296 1299 2327 p.

1424 2283 1636 2328 lampadibus
1659 2284 1940 2328 praecedentibus
1963 2283 2163 2328 Capitolium
2186 2288 2293 2330 petiit.

212 2330 271 2367 11,
303 2328 334 2359 2.
380 2327 521 2359 Eckhel.
545 2326 587 2358 D.
611 2326 655 2359 N.
680 2327 710 2358 V
750 2338 781 2368 p.
810 2329 880 2360 103.
927 2328 1002 2359 Alia
1026 2333 1105 2359 vota
1135 2329 1301 2359 communi
1383 2347 1414 2365 θ,
1456 2343 1499 2374 D·
1548 2343 1583 2376 ,Ἰ
1624 2343 1667 2375 “0
1724 2344 1740 2359 ι-

209 2370 352 2406 consilio
384 2369 473 2403 tacta
496 2374 582 2403 sunt.
625 2367 733 2403 Eekh.
764 2368 785 2403 l.
816 2369 838 2403 l.
871 2381 902 2413 p.
936 2369 996 2406 104
1012 2381 1063 2411 a.,
1098 2370 1164 2404 alia
1188 2382 1300 2405 susce·
1415 2345 1430 2385 )
1492 2353 1523 2374 ¹⁰
1547 2353 1567 2374 δ
1592 2367 1600 2383 ’
1626 2365 1643 2373 ”
1670 2368 1677 2375 ”
1722 2346 1776 2384 ‘³8'
1800 2348 1830 2377 4'
1856 2404 1864 2412 ‚

208 2421 334 2458 perunt
358 2415 487 2455 equites
510 2414 592 2451 soli,
622 2419 656 2444 ut
679 2423 732 2454 ap.
757 2413 834 2444 Tac.
858 2415 943 2446 Ann.
968 2415 1001 2451 3,
1025 2415 1062 2447 7Ι
1089 2415 1213 2446 donum
1238 2425 1300 2455 pro
1384 2404 1429 2443 ⁸⁰)
1454 2413 1487 2433 V·
1512 2408 1648 2443 l'ffl‘lffl'
1671 2414 1723 2441 eas
1747 2413 1834 2444 (luae
1857 2403 1943 2435 'nfra
1966 2403 2155 2442 ssffel'ffl‘ffl',
2179 2406 2273 2437 Sne?-
2297 2406 2399 2438 Dom-
2426 2410 2476 2440 Η-

208 2456 403 2492 valetudine
427 2455 597 2499 Augustae
619 2454 779 2498 Equestri
802 2454 956 2490 fortunae
980 2461 1160 2498 voverunt,
1190 2461 1223 2491 et
1245 2467 1300 2501 ap.
1385 2460 1431 2503 δ”)
1456 2457 1510 2492 De
1539 2459 1643 2502 princ.
1675 2459 1743 2494 iuv.
1774 2471 1807 2494 v.
1832 2458 2014 2503 spanhem.
2047 2460 2090 2494 de
2112 2459 2171 2495 Pr.
2199 2467 2231 2495 et
2255 2463 2299 2498 U.
2324 2462 2367 2498 N.
2393 2464 2467 2499 Vol.
2495 2466 2521 2499 ll

208 2501 360 2535 Martial.
385 2502 418 2533 in
441 2501 536 2543 epigr
569 2499 613 2532 ad
637 2499 865 2532 Domitianum
887 2502 920 2540 8,
947 2503 998 2535 15.
1453 2529 1460 2535 .
1493 2504 1567 2537 359.
1618 2502 1733 2536 Noris.
1766 2504 1882 2537 Cenot.
1915 2505 1987 2537 Pis.
2022 2505 2069 2543 ll,
2102 2517 2130 2537 c.
2162 2507 2193 2538 3.
2240 2507 2370 2539 Ecklnel
2403 2509 2445 2541 D.
2479 2509 2523 2541 N.

251 2545 342 2577 Dum
365 2553 458 2596 npva
482 2543 667 2575 Pannonici
690 2549 843 2575 narratur
863 2543 972 2594 gloria
994 2543 1084 2583 belli,
1428 2515 1505 2578 z'ol.
1531 2545 1606 2578 vul
1631 2556 1661 2589 p.
1679 2546 1739 2579 371
1766 2557 1838 2591 sqq.
1872 2546 2056 2581 Mazzolini
2079 2548 2271 2583 animadvv.
2296 2561 2327 2584 v.
2352 2550 2395 2584 de
2418 2552 2521 2596 princ.

296 2584 419 2622 Omnis
443 2592 477 2620 et
499 2586 543 2619 ad
566 2585 722 2619 reducem
747 2586 824 2619 dum
850 2586 921 2619 litat
945 2598 1005 2619 ara
1029 2587 1154 2626 lovem,
1430 2591 1498 2623 iuv.
1523 2601 1590 2623 non
1613 2590 1694 2623 vidi.

252 2632 323 2664 Dat
346 2630 517 2673 P⁰P¹¹¹¹¹⁸’
550 2628 609 2660 ‘¹¹²²
632 2635 745 2670 gratus
768 2639 893 2671 equeb
926 2629 985 2660 ‘¹³¹‘
1007 2629 1104 2661 ‘hura
1126 2635 1274 2661 senam&
1389 2649 1435 2691 ⁰⁰)
1460 2647 1561 2681 Caius
1584 2658 1615 2680 a.
1639 2648 1659 2680 5
1690 2658 1719 2680 a.
1745 2647 1824 2681 Chr.
1848 2647 1914 2681 hoc
1945 2660 2067 2683 nomen
2090 2650 2232 2694 accepit.
2269 2650 2407 2694 (Noris.
2433 2653 2453 2686 Ι.
2478 2653 2522 2694 l.)

166 2701 213 2741 ⁸³)
237 2699 351 2740 Spart.
375 2694 454 2728 Did.
480 2693 539 2727 lul.
563 2695 594 2726 4.
640 2692 799 2725 Senatum
824 2699 858 2726 et
888 2699 1074 2735 equestrem
1097 2694 1248 2727 ordinem
1272 2694 1305 2726 in
1432 2692 1557 2725 Lucius
1592 2692 1774 2725 secundum
1806 2693 1974 2726 Zonaram
2009 2705 2099 2726 anno
2131 2701 2311 2736 sequente,
2346 2707 2365 2728 e
2395 2696 2523 2729 Norisii

209 2741 378 2773 Palatium
401 2738 596 2770 venientem
618 2735 760 2768 admisit.
1433 2735 1617 2767 rationibus
1642 2735 1745 2776 (diss.
1769 2737 1790 2769 ⁴2
1813 2746 1840 2766 c.
1866 2737 1932 2776 7),
1964 2746 2048 2778 quas
2071 2736 2231 2769 adiuvant
2260 2748 2423 2769 ruarmora
2458 2740 2522 2780 (εἴ.

1431 2777 1572 2812 Eckhel.
1598 2777 1641 2811 D.
1666 2777 1710 2812 N.
1734 2777 1778 2811 Vl
1803 2790 1834 2821 p.
1863 2778 1947 2821 173)
1972 2791 2001 2813 a.
2025 2782 2045 2815 ‘2
2069 2793 2098 2814 a.
2124 2780 2200 2814 Chr.

168 2809 213 2849 0⁴)
238 2805 306 2837 Dio
318 2805 371 2845 63,
394 2804 438 2838 20
454 2803 498 2835 de
513 2800 673 2835 Nerone:
696 2802 750 2833 κατ’
774 2800 857 2833 οὕτω
881 2801 939 2832 διά
960 2814 991 2833 τε
1015 2802 1069 2833 τοῦ
1092 2803 1306 2846 ἱπποδρόμου
1389 2837 1420 2856 8.
1525 2844 1531 2849 .
1784 2833 1794 2848 y

210 2850 266 2883 καὶ
289 2849 346 2880 διὰ
366 2850 417 2888 τῆς
440 2846 566 2892 ἀγορᾶς
586 2846 672 2888 μετά
694 2855 726 2876 τε
749 2846 812 2876 τῶν
835 2845 1038 2888 στρατιωτῶν
1061 2846 1116 2876 καὶ
1138 2846 1222 2887 μετά
1241 2846 1306 2877 τῶν
1420 2835 1435 2876 )
1460 2832 1602 2865 ECkhel·
1627 2832 1671 2865 D·
1695 2832 1739 2865 N·
1764 2833 1784 2865 l
1798 2832 1841 2865 ιιι
1864 2844 1898 2876 Ρ·
1921 2834 1984 2867 377
1998 2845 2028 2866 ³²·

210 2894 337 2926 ἱππέων
367 2892 419 2932 τῆς
452 2903 483 2924 τε
506 2890 624 2932 βουλῆς
649 2889 804 2926 διελθών,
838 2889 870 2922 ἐς
894 2888 929 2919 τό
951 2889 1163 2920 Καπιτώλιον
1195 2889 1305 2930 ἀνέβη.
1390 2888 1434 2929 ⁹⁰)
1459 2899 1490 2929 p.
1515 2886 1599 2926 236,
1628 2887 1676 2919 ll.
