<?xml version="1.0" encoding="UTF-8"?>
<!DOCTYPE html PUBLIC "-//W3C//DTD XHTML 1.0 Transitional//EN"
    "http://www.w3.org/TR/xhtml1/DTD/xhtml1-transitional.dtd">
<html xmlns="http://www.w3.org/1999/xhtml" xml:lang="en" lang="en">
 <head>
  <title>
</title>
<meta http-equiv="Content-Type" content="text/html;charset=utf-8" />
  <meta name='ocr-system' content='tesseract 3.04.00' />
  <meta name='ocr-capabilities' content='ocr_page ocr_carea ocr_par ocr_line ocrx_word'/>
</head>
<body>
  <div class='ocr_page' id='page_1' title='image "4771388_0055.png"; bbox 0 0 2720 3402; ppageno 0'>
   <div class='ocr_carea' id='block_1_1' title="bbox 162 271 2537 2609">
    <p class='ocr_par' dir='ltr' id='par_1_1' title="bbox 162 271 2537 2609">
     <span class='ocr_line' id='line_1_1' title="bbox 198 271 2535 340; baseline -0.002 -19"><span class='ocrx_word' id='word_1_1' title='bbox 198 276 440 339; x_wconf 77' lang='lat' dir='ltr'><strong>promissis</strong></span> <span class='ocrx_word' id='word_1_2' title='bbox 482 275 727 331; x_wconf 72' lang='lat' dir='ltr'><strong>excitavit,</strong></span> <span class='ocrx_word' id='word_1_3' title='bbox 772 271 1080 340; x_wconf 69' lang='lat' dir='ltr'><strong>iudffiumqu‘e</strong></span> <span class='ocrx_word' id='word_1_4' title='bbox 1122 293 1174 323; x_wconf 89' lang='lat' dir='ltr'><strong>se</strong></span> <span class='ocrx_word' id='word_1_5' title='bbox 1215 283 1534 339; x_wconf 87' lang='lat' dir='ltr'><strong>corrupturum</strong></span> <span class='ocrx_word' id='word_1_6' title='bbox 1575 278 1809 340; x_wconf 74' lang='lat' dir='ltr'><strong>pollicitus</strong></span> <span class='ocrx_word' id='word_1_7' title='bbox 1850 284 1935 323; x_wconf 87' lang='lat' dir='ltr'><strong>est.</strong></span> <span class='ocrx_word' id='word_1_8' title='bbox 1999 275 2220 339; x_wconf 80' lang='lat' dir='ltr'><strong>Acceptis</strong></span> <span class='ocrx_word' id='word_1_9' title='bbox 2263 281 2413 320; x_wconf 85' lang='lat' dir='ltr'><strong>autem</strong></span> <span class='ocrx_word' id='word_1_10' title='bbox 2447 272 2535 317; x_wconf 81' lang='lat' dir='ltr'><strong>HS</strong></span> 
     </span>
     <span class='ocr_line' id='line_1_2' title="bbox 198 341 2537 414; baseline -0.002 -18"><span class='ocrx_word' id='word_1_11' title='bbox 198 348 431 397; x_wconf 75' lang='lat' dir='ltr'><strong>sexcentis</strong></span> <span class='ocrx_word' id='word_1_12' title='bbox 472 348 772 411; x_wconf 76' lang='lat' dir='ltr'><strong>quadraginta</strong></span> <span class='ocrx_word' id='word_1_13' title='bbox 811 350 1013 399; x_wconf 85' lang='lat' dir='ltr'><strong>millibus</strong></span> <span class='ocrx_word' id='word_1_14' title='bbox 1026 370 1049 410; x_wconf 56' lang='lat'><strong>‚⁴</strong></span> <span class='ocrx_word' id='word_1_15' title='bbox 1082 341 1227 413; x_wconf 80' lang='lat' dir='ltr'><strong>quum</strong></span> <span class='ocrx_word' id='word_1_16' title='bbox 1249 349 1564 413; x_wconf 69' lang='lat' dir='ltr'><strong>intelligeret,</strong></span> <span class='ocrx_word' id='word_1_17' title='bbox 1605 351 1686 398; x_wconf 89' lang='lat' dir='ltr'><strong>illo</strong></span> <span class='ocrx_word' id='word_1_18' title='bbox 1728 352 1963 409; x_wconf 88' lang='lat' dir='ltr'><strong>absoluto,</strong></span> <span class='ocrx_word' id='word_1_19' title='bbox 2004 349 2247 414; x_wconf 85' lang='lat' dir='ltr'><strong>pecuniam</strong></span> <span class='ocrx_word' id='word_1_20' title='bbox 2290 347 2414 393; x_wconf 88' lang='lat' dir='ltr'><strong>illam</strong></span> <span class='ocrx_word' id='word_1_21' title='bbox 2457 350 2537 392; x_wconf 86' lang='lat' dir='ltr'><strong>aut</strong></span> 
     </span>
     <span class='ocr_line' id='line_1_3' title="bbox 196 419 2534 490; baseline -0.001 -22"><span class='ocrx_word' id='word_1_22' title='bbox 196 420 423 470; x_wconf 90' lang='lat' dir='ltr'><strong>iudicibus</strong></span> <span class='ocrx_word' id='word_1_23' title='bbox 467 422 828 486; x_wconf 72' lang='lat' dir='ltr'><strong>dispertiendam</strong></span> <span class='ocrx_word' id='word_1_24' title='bbox 875 431 954 473; x_wconf 90' lang='lat' dir='ltr'><strong>aut</strong></span> <span class='ocrx_word' id='word_1_25' title='bbox 1000 424 1094 489; x_wconf 88' lang='lat' dir='ltr'><strong>ipsi</strong></span> <span class='ocrx_word' id='word_1_26' title='bbox 1142 424 1426 471; x_wconf 78' lang='lat' dir='ltr'><strong>reddendam</strong></span> <span class='ocrx_word' id='word_1_27' title='bbox 1468 424 1593 483; x_wconf 85' lang='lat' dir='ltr'><strong>fore,</strong></span> <span class='ocrx_word' id='word_1_28' title='bbox 1646 425 1882 482; x_wconf 88' lang='lat' dir='ltr'><strong>damnato,</strong></span> <span class='ocrx_word' id='word_1_29' title='bbox 1935 423 2239 490; x_wconf 86' lang='lat' dir='ltr'><strong>repetiturum</strong></span> <span class='ocrx_word' id='word_1_30' title='bbox 2288 419 2534 477; x_wconf 79' lang='lat' dir='ltr'><strong>neminem,</strong></span> 
     </span>
     <span class='ocr_line' id='line_1_4' title="bbox 196 495 2534 562; baseline -0.001 -21"><span class='ocrx_word' id='word_1_31' title='bbox 196 496 318 559; x_wconf 90' lang='lat' dir='ltr'><strong>capit</strong></span> <span class='ocrx_word' id='word_1_32' title='bbox 348 498 437 543; x_wconf 91' lang='lat' dir='ltr'><strong>hoc</strong></span> <span class='ocrx_word' id='word_1_33' title='bbox 468 496 734 555; x_wconf 72' lang='lat' dir='ltr'><strong>consilium,</strong></span> <span class='ocrx_word' id='word_1_34' title='bbox 767 505 818 544; x_wconf 90' lang='lat' dir='ltr'><strong>ut</strong></span> <span class='ocrx_word' id='word_1_35' title='bbox 847 499 1089 562; x_wconf 87' lang='lat' dir='ltr'><strong>pecuniam</strong></span> <span class='ocrx_word' id='word_1_36' title='bbox 1122 498 1393 560; x_wconf 86' lang='lat' dir='ltr'><strong>quibusdam</strong></span> <span class='ocrx_word' id='word_1_37' title='bbox 1425 497 1654 544; x_wconf 79' lang='lat' dir='ltr'><strong>iudicibus</strong></span> <span class='ocrx_word' id='word_1_38' title='bbox 1686 497 1936 543; x_wconf 84' lang='lat' dir='ltr'><strong>levissimis</strong></span> <span class='ocrx_word' id='word_1_39' title='bbox 1968 498 2255 561; x_wconf 85' lang='lat' dir='ltr'><strong>polliceatur,</strong></span> <span class='ocrx_word' id='word_1_40' title='bbox 2288 495 2397 542; x_wconf 87' lang='lat' dir='ltr'><strong>dein</strong></span> <span class='ocrx_word' id='word_1_41' title='bbox 2432 508 2534 539; x_wconf 87' lang='lat' dir='ltr'><strong>eam</strong></span> 
     </span>
     <span class='ocr_line' id='line_1_5' title="bbox 194 568 2535 635; baseline -0.002 -18"><span class='ocrx_word' id='word_1_42' title='bbox 194 568 371 632; x_wconf 65' lang='lat' dir='ltr'><strong>postea&#39;</strong></span> <span class='ocrx_word' id='word_1_43' title='bbox 387 570 669 634; x_wconf 53' lang='lat' dir='ltr'><strong>supprimat,</strong></span> <span class='ocrx_word' id='word_1_44' title='bbox 701 574 803 630; x_wconf 53' lang='grc' dir='ltr'><strong>ιιῐζῖἶ</strong></span> <span class='ocrx_word' id='word_1_45' title='bbox 816 573 1029 635; x_wconf 90' lang='lat' dir='ltr'><strong>quoniam</strong></span> <span class='ocrx_word' id='word_1_46' title='bbox 1061 587 1230 635; x_wconf 78' lang='lat' dir='ltr'><strong>graves</strong></span> <span class='ocrx_word' id='word_1_47' title='bbox 1261 572 1472 618; x_wconf 81' lang='lat' dir='ltr'><strong>homines</strong></span> <span class='ocrx_word' id='word_1_48' title='bbox 1504 587 1588 618; x_wconf 90' lang='lat' dir='ltr'><strong>sua</strong></span> <span class='ocrx_word' id='word_1_49' title='bbox 1619 577 1785 633; x_wconf 82' lang='lat' dir='ltr'><strong>sponte</strong></span> <span class='ocrx_word' id='word_1_50' title='bbox 1818 587 1984 617; x_wconf 83' lang='lat' dir='ltr'><strong>severe</strong></span> <span class='ocrx_word' id='word_1_51' title='bbox 2015 571 2294 617; x_wconf 86' lang='lat' dir='ltr'><strong>iudicaturos</strong></span> <span class='ocrx_word' id='word_1_52' title='bbox 2326 570 2535 633; x_wconf 79' lang='lat' dir='ltr'><strong>putabat,</strong></span> 
     </span>
     <span class='ocr_line' id='line_1_6' title="bbox 193 642 2533 707; baseline -0.001 -17"><span class='ocrx_word' id='word_1_53' title='bbox 193 644 303 701; x_wconf 88' lang='lat' dir='ltr'><strong>hos,</strong></span> <span class='ocrx_word' id='word_1_54' title='bbox 346 644 658 705; x_wconf 62' lang='lat' dir='ltr'><strong>quis‘le‘viores</strong></span> <span class='ocrx_word' id='word_1_55' title='bbox 699 653 851 703; x_wconf 87' lang='lat' dir='ltr'><strong>erant,</strong></span> <span class='ocrx_word' id='word_1_56' title='bbox 900 646 1202 693; x_wconf 85' lang='lat' dir='ltr'><strong>destitutione</strong></span> <span class='ocrx_word' id='word_1_57' title='bbox 1243 645 1387 691; x_wconf 87' lang='lat' dir='ltr'><strong>iratos</strong></span> <span class='ocrx_word' id='word_1_58' title='bbox 1420 644 1680 707; x_wconf 77' lang='lat' dir='ltr'><strong>Oppianico</strong></span> <span class='ocrx_word' id='word_1_59' title='bbox 1725 644 1959 690; x_wconf 84' lang='lat' dir='ltr'><strong>redderet.</strong></span> <span class='ocrx_word' id='word_1_60' title='bbox 2021 644 2094 690; x_wconf 80' lang='lat' dir='ltr'><strong>Ita</strong></span> <span class='ocrx_word' id='word_1_61' title='bbox 2133 661 2268 705; x_wconf 88' lang='lat' dir='ltr'><strong>quum</strong></span> <span class='ocrx_word' id='word_1_62' title='bbox 2301 642 2533 689; x_wconf 80' lang='lat' dir='ltr'><strong>condem-</strong></span> 
     </span>
     <span class='ocr_line' id='line_1_7' title="bbox 193 715 2532 782; baseline -0.002 -18"><span class='ocrx_word' id='word_1_63' title='bbox 193 725 327 764; x_wconf 90' lang='lat' dir='ltr'><strong>natus</strong></span> <span class='ocrx_word' id='word_1_64' title='bbox 360 724 486 764; x_wconf 88' lang='lat' dir='ltr'><strong>esset</strong></span> <span class='ocrx_word' id='word_1_65' title='bbox 516 718 820 780; x_wconf 81' lang='lat' dir='ltr'><strong>Oppianicus,</strong></span> <span class='ocrx_word' id='word_1_66' title='bbox 842 720 896 782; x_wconf 76' lang='lat'><strong>¹³)</strong></span> <span class='ocrx_word' id='word_1_67' title='bbox 931 720 1084 766; x_wconf 85' lang='lat' dir='ltr'><strong>statim</strong></span> <span class='ocrx_word' id='word_1_68' title='bbox 1116 720 1173 766; x_wconf 89' lang='lat' dir='ltr'><strong>L.</strong></span> <span class='ocrx_word' id='word_1_69' title='bbox 1207 720 1449 781; x_wconf 76' lang='lat' dir='ltr'><strong>Quintius,</strong></span> <span class='ocrx_word' id='word_1_70' title='bbox 1481 726 1540 765; x_wconf 88' lang='lat' dir='ltr'><strong>tr.</strong></span> <span class='ocrx_word' id='word_1_71' title='bbox 1571 719 1662 780; x_wconf 91' lang='lat' dir='ltr'><strong>pl.,</strong></span> <span class='ocrx_word' id='word_1_72' title='bbox 1695 718 2020 763; x_wconf 85' lang='lat' dir='ltr'><strong>vehementem</strong></span> <span class='ocrx_word' id='word_1_73' title='bbox 2052 717 2316 762; x_wconf 87' lang='lat' dir='ltr'><strong>concionem</strong></span> <span class='ocrx_word' id='word_1_74' title='bbox 2347 715 2532 762; x_wconf 81' lang='lat' dir='ltr'><strong>habuit=</strong></span> 
     </span>
     <span class='ocr_line' id='line_1_8' title="bbox 193 787 2531 854; baseline -0.001 -18"><span class='ocrx_word' id='word_1_75' title='bbox 193 790 319 837; x_wconf 84' lang='lat' dir='ltr'><strong>nulla</strong></span> <span class='ocrx_word' id='word_1_76' title='bbox 351 805 458 837; x_wconf 81' lang='lat' dir='ltr'><strong>esse</strong></span> <span class='ocrx_word' id='word_1_77' title='bbox 482 789 672 848; x_wconf 90' lang='lat' dir='ltr'><strong>iudicia,</strong></span> <span class='ocrx_word' id='word_1_78' title='bbox 718 792 792 854; x_wconf 82' lang='lat' dir='ltr'><strong>agi</strong></span> <span class='ocrx_word' id='word_1_79' title='bbox 824 792 1033 839; x_wconf 81' lang='lat' dir='ltr'><strong>fortunas</strong></span> <span class='ocrx_word' id='word_1_80' title='bbox 1067 791 1269 839; x_wconf 89' lang='lat' dir='ltr'><strong>omnium</strong></span> <span class='ocrx_word' id='word_1_81' title='bbox 1311 790 1573 839; x_wconf 85' lang='lat' dir='ltr'><strong>clamitabat</strong></span> <span class='ocrx_word' id='word_1_82' title='bbox 1606 791 1683 853; x_wconf 87' lang='lat' dir='ltr'><strong>(p.</strong></span> <span class='ocrx_word' id='word_1_83' title='bbox 1717 790 1900 837; x_wconf 72' lang='lat' dir='ltr'><strong>cluent.</strong></span> <span class='ocrx_word' id='word_1_84' title='bbox 1942 789 2030 846; x_wconf 56' lang='grc' dir='ltr'><strong>Β,</strong></span> <span class='ocrx_word' id='word_1_85' title='bbox 2072 787 2180 851; x_wconf 91' lang='grc'><strong>77).</strong></span> <span class='ocrx_word' id='word_1_86' title='bbox 2252 789 2320 835; x_wconf 85' lang='lat' dir='ltr'><strong>Ac</strong></span> <span class='ocrx_word' id='word_1_87' title='bbox 2360 788 2531 834; x_wconf 86' lang='lat' dir='ltr'><strong>multae</strong></span> 
     </span>
     <span class='ocr_line' id='line_1_9' title="bbox 193 862 2532 920; baseline -0.002 -11"><span class='ocrx_word' id='word_1_88' title='bbox 193 863 332 909; x_wconf 82' lang='lat' dir='ltr'><strong>credo</strong></span> <span class='ocrx_word' id='word_1_89' title='bbox 374 862 423 909; x_wconf 88' lang='lat' dir='ltr'><strong>in</strong></span> <span class='ocrx_word' id='word_1_90' title='bbox 443 865 661 911; x_wconf 88' lang='lat' dir='ltr'><strong>&#39;eundem</strong></span> <span class='ocrx_word' id='word_1_91' title='bbox 690 866 877 911; x_wconf 90' lang='lat' dir='ltr'><strong>modum</strong></span> <span class='ocrx_word' id='word_1_92' title='bbox 918 866 1146 912; x_wconf 81' lang='lat' dir='ltr'><strong>iudicatae</strong></span> <span class='ocrx_word' id='word_1_93' title='bbox 1189 865 1261 911; x_wconf 86' lang='lat' dir='ltr'><strong>his</strong></span> <span class='ocrx_word' id='word_1_94' title='bbox 1304 864 1533 911; x_wconf 87' lang='lat' dir='ltr'><strong>iudicibus</strong></span> <span class='ocrx_word' id='word_1_95' title='bbox 1567 879 1757 910; x_wconf 79' lang='lat' dir='ltr'><strong>caussae</strong></span> <span class='ocrx_word' id='word_1_96' title='bbox 1790 870 1921 920; x_wconf 90' lang='lat' dir='ltr'><strong>sunt,</strong></span> <span class='ocrx_word' id='word_1_97' title='bbox 1970 870 2096 909; x_wconf 88' lang='lat' dir='ltr'><strong>certe</strong></span> <span class='ocrx_word' id='word_1_98' title='bbox 2129 868 2255 908; x_wconf 88' lang='lat' dir='ltr'><strong>tanta</strong></span> <span class='ocrx_word' id='word_1_99' title='bbox 2286 868 2359 907; x_wconf 89' lang='lat' dir='ltr'><strong>est</strong></span> <span class='ocrx_word' id='word_1_100' title='bbox 2398 875 2532 906; x_wconf 87' lang='lat' dir='ltr'><strong>sena—</strong></span> 
     </span>
     <span class='ocr_line' id='line_1_10' title="bbox 162 933 2532 1001; baseline -0.001 -20"><span class='ocrx_word' id='word_1_101' title='bbox 162 953 164 955; x_wconf 92' lang='lat'>·</span> <span class='ocrx_word' id='word_1_102' title='bbox 192 935 415 981; x_wconf 90' lang='lat' dir='ltr'><strong>toriorum</strong></span> <span class='ocrx_word' id='word_1_103' title='bbox 447 934 718 983; x_wconf 88' lang='lat' dir='ltr'><strong>iudiciorum</strong></span> <span class='ocrx_word' id='word_1_104' title='bbox 752 938 875 1000; x_wconf 89' lang='lat' dir='ltr'><strong>apud</strong></span> <span class='ocrx_word' id='word_1_105' title='bbox 906 938 1130 1001; x_wconf 87' lang='lat' dir='ltr'><strong>populum</strong></span> <span class='ocrx_word' id='word_1_106' title='bbox 1160 937 1337 983; x_wconf 79' lang='lat' dir='ltr'><strong>invidia</strong></span> <span class='ocrx_word' id='word_1_107' title='bbox 1369 944 1483 994; x_wconf 89' lang='lat' dir='ltr'><strong>orta,</strong></span> <span class='ocrx_word' id='word_1_108' title='bbox 1516 943 1568 982; x_wconf 94' lang='lat' dir='ltr'><strong>ut</strong></span> <span class='ocrx_word' id='word_1_109' title='bbox 1599 936 1647 983; x_wconf 92' lang='lat' dir='ltr'><strong>in</strong></span> <span class='ocrx_word' id='word_1_110' title='bbox 1679 942 1805 982; x_wconf 84' lang='lat' dir='ltr'><strong>tanta</strong></span> <span class='ocrx_word' id='word_1_111' title='bbox 1837 937 2166 999; x_wconf 87' lang='lat' dir='ltr'><strong>plerorumque</strong></span> <span class='ocrx_word' id='word_1_112' title='bbox 2198 933 2397 981; x_wconf 84' lang='lat' dir='ltr'><strong>iudicum</strong></span> <span class='ocrx_word' id='word_1_113' title='bbox 2430 949 2532 979; x_wconf 90' lang='lat' dir='ltr'><strong>cor-</strong></span> 
     </span>
     <span class='ocr_line' id='line_1_11' title="bbox 192 1008 2533 1072; baseline -0 -18"><span class='ocrx_word' id='word_1_114' title='bbox 192 1008 431 1070; x_wconf 82' lang='lat' dir='ltr'><strong>ruptione,</strong></span> <span class='ocrx_word' id='word_1_115' title='bbox 472 1010 654 1057; x_wconf 77' lang='lat' dir='ltr'><strong>vexatis</strong></span> <span class='ocrx_word' id='word_1_116' title='bbox 686 1011 962 1072; x_wconf 72' lang='lat' dir='ltr'><strong>Provinciis,</strong></span> <span class='ocrx_word' id='word_1_117' title='bbox 1008 1011 1149 1058; x_wconf 86' lang='lat' dir='ltr'><strong>fessis</strong></span> <span class='ocrx_word' id='word_1_118' title='bbox 1180 1011 1344 1072; x_wconf 88' lang='lat' dir='ltr'><strong>populi</strong></span> <span class='ocrx_word' id='word_1_119' title='bbox 1375 1010 1573 1057; x_wconf 88' lang='lat' dir='ltr'><strong>Romani</strong></span> <span class='ocrx_word' id='word_1_120' title='bbox 1605 1009 1743 1056; x_wconf 89' lang='lat' dir='ltr'><strong>sociis</strong></span> <span class='ocrx_word' id='word_1_121' title='bbox 1776 1017 1874 1056; x_wconf 89' lang='lat' dir='ltr'><strong>toto</strong></span> <span class='ocrx_word' id='word_1_122' title='bbox 1908 1011 2022 1056; x_wconf 89' lang='lat' dir='ltr'><strong>orbe</strong></span> <span class='ocrx_word' id='word_1_123' title='bbox 2054 1017 2305 1063; x_wconf 86' lang='lat' dir='ltr'><strong>terrarum,</strong></span> <span class='ocrx_word' id='word_1_124' title='bbox 2348 1023 2533 1054; x_wconf 86' lang='lat' dir='ltr'><strong>accusa-</strong></span> 
     </span>
     <span class='ocr_line' id='line_1_12' title="bbox 191 1081 2534 1145; baseline -0.001 -16"><span class='ocrx_word' id='word_1_125' title='bbox 191 1081 368 1130; x_wconf 88' lang='lat' dir='ltr'><strong>toribus</strong></span> <span class='ocrx_word' id='word_1_126' title='bbox 409 1082 805 1145; x_wconf 79' lang='lat' dir='ltr'><strong>praevaricatione</strong></span> <span class='ocrx_word' id='word_1_127' title='bbox 846 1083 1118 1141; x_wconf 83' lang='lat' dir='ltr'><strong>infamibus,</strong></span> <span class='ocrx_word' id='word_1_128' title='bbox 1168 1084 1339 1132; x_wconf 85' lang='lat' dir='ltr'><strong>iudicia</strong></span> <span class='ocrx_word' id='word_1_129' title='bbox 1379 1082 1608 1145; x_wconf 85' lang='lat' dir='ltr'><strong>equestris</strong></span> <span class='ocrx_word' id='word_1_130' title='bbox 1650 1082 1824 1130; x_wconf 85' lang='lat' dir='ltr'><strong>ordinis</strong></span> <span class='ocrx_word' id='word_1_131' title='bbox 1866 1082 2200 1145; x_wconf 85' lang='lat' dir='ltr'><strong>flagitarentur.</strong></span> <span class='ocrx_word' id='word_1_132' title='bbox 2233 1082 2290 1144; x_wconf 87' lang='lat'><strong>¹⁴)</strong></span> <span class='ocrx_word' id='word_1_133' title='bbox 2373 1081 2534 1141; x_wconf 81' lang='lat' dir='ltr'><strong>Itaque</strong></span> 
     </span>
     <span class='ocr_line' id='line_1_13' title="bbox 192 1152 2533 1220; baseline -0.001 -16"><span class='ocrx_word' id='word_1_134' title='bbox 192 1171 231 1204; x_wconf 88' lang='lat' dir='ltr'><strong>a.</strong></span> <span class='ocrx_word' id='word_1_135' title='bbox 263 1155 326 1203; x_wconf 87' lang='grc'><strong>70</strong></span> <span class='ocrx_word' id='word_1_136' title='bbox 365 1154 414 1203; x_wconf 91' lang='lat' dir='ltr'><strong>in</strong></span> <span class='ocrx_word' id='word_1_137' title='bbox 457 1155 742 1204; x_wconf 87' lang='lat' dir='ltr'><strong>divinatione</strong></span> <span class='ocrx_word' id='word_1_138' title='bbox 784 1156 833 1204; x_wconf 90' lang='lat' dir='ltr'><strong>in</strong></span> <span class='ocrx_word' id='word_1_139' title='bbox 864 1157 925 1220; x_wconf 87' lang='lat' dir='ltr'><strong>Q.</strong></span> <span class='ocrx_word' id='word_1_140' title='bbox 958 1156 1210 1204; x_wconf 80' lang='lat' dir='ltr'><strong>Caecilium</strong></span> <span class='ocrx_word' id='word_1_141' title='bbox 1243 1157 1407 1205; x_wconf 82' lang='lat' dir='ltr'><strong>Cicero</strong></span> <span class='ocrx_word' id='word_1_142' title='bbox 1434 1155 1490 1218; x_wconf 58' lang='grc' dir='ltr'><strong>ι5)</strong></span> <span class='ocrx_word' id='word_1_143' title='bbox 1538 1156 1788 1218; x_wconf 87' lang='lat' dir='ltr'><strong>„Populus</strong></span> <span class='ocrx_word' id='word_1_144' title='bbox 1833 1156 2091 1214; x_wconf 83' lang='lat' dir='ltr'><strong>Romanus,</strong></span> <span class='ocrx_word' id='word_1_145' title='bbox 2135 1156 2307 1218; x_wconf 87' lang='lat' dir='ltr'><strong>inquit,</strong></span> <span class='ocrx_word' id='word_1_146' title='bbox 2349 1152 2533 1202; x_wconf 85' lang='lat' dir='ltr'><strong>tametsi</strong></span> 
     </span>
     <span class='ocr_line' id='line_1_14' title="bbox 190 1228 2533 1292; baseline -0.001 -17"><span class='ocrx_word' id='word_1_147' title='bbox 190 1230 348 1276; x_wconf 88' lang='lat' dir='ltr'><strong>multis</strong></span> <span class='ocrx_word' id='word_1_148' title='bbox 380 1228 682 1276; x_wconf 84' lang='lat' dir='ltr'><strong>incommodis</strong></span> <span class='ocrx_word' id='word_1_149' title='bbox 715 1230 1157 1291; x_wconf 76' lang='lat' dir='ltr'><strong>difficultatibusque</strong></span> <span class='ocrx_word' id='word_1_150' title='bbox 1190 1229 1400 1276; x_wconf 83' lang='lat' dir='ltr'><strong>affectus·</strong></span> <span class='ocrx_word' id='word_1_151' title='bbox 1418 1235 1504 1285; x_wconf 89' lang='lat' dir='ltr'><strong>est,</strong></span> <span class='ocrx_word' id='word_1_152' title='bbox 1535 1235 1701 1275; x_wconf 82' lang='lat' dir='ltr'><strong>tamen</strong></span> <span class='ocrx_word' id='word_1_153' title='bbox 1720 1230 1836 1276; x_wconf 85' lang='lat' dir='ltr'><strong>nihil</strong></span> <span class='ocrx_word' id='word_1_154' title='bbox 1869 1246 2012 1291; x_wconf 87' lang='lat' dir='ltr'><strong>aeque</strong></span> <span class='ocrx_word' id='word_1_155' title='bbox 2044 1230 2093 1277; x_wconf 89' lang='lat' dir='ltr'><strong>in</strong></span> <span class='ocrx_word' id='word_1_156' title='bbox 2124 1229 2364 1292; x_wconf 86' lang='lat' dir='ltr'><strong>republica</strong></span> <span class='ocrx_word' id='word_1_157' title='bbox 2397 1236 2533 1287; x_wconf 84' lang='lat' dir='ltr'><strong>atque</strong></span> 
     </span>
     <span class='ocr_line' id='line_1_15' title="bbox 188 1299 2534 1367; baseline 0 -20"><span class='ocrx_word' id='word_1_158' title='bbox 188 1302 317 1348; x_wconf 81' lang='lat' dir='ltr'><strong>illam</strong></span> <span class='ocrx_word' id='word_1_159' title='bbox 346 1306 556 1347; x_wconf 76' lang='lat' dir='ltr'><strong>veterem</strong></span> <span class='ocrx_word' id='word_1_160' title='bbox 596 1300 872 1349; x_wconf 88' lang='lat' dir='ltr'><strong>iudiciorum</strong></span> <span class='ocrx_word' id='word_1_161' title='bbox 903 1302 998 1349; x_wconf 79' lang='lat' dir='ltr'><strong>vim</strong></span> <span class='ocrx_word' id='word_1_162' title='bbox 1031 1301 1395 1367; x_wconf 78' lang='lat' dir='ltr'><strong>gravitatemque</strong></span> <span class='ocrx_word' id='word_1_163' title='bbox 1427 1301 1633 1364; x_wconf 83' lang='lat' dir='ltr'><strong>requirit.</strong></span> <span class='ocrx_word' id='word_1_164' title='bbox 1696 1302 1977 1350; x_wconf 76' lang='lat' dir='ltr'><strong>iudiciorum</strong></span> <span class='ocrx_word' id='word_1_165' title='bbox 2012 1302 2244 1351; x_wconf 89' lang='lat' dir='ltr'><strong>desiderio</strong></span> <span class='ocrx_word' id='word_1_166' title='bbox 2284 1299 2534 1348; x_wconf 81' lang='lat' dir='ltr'><strong>tribunicia</strong></span> 
     </span>
     <span class='ocr_line' id='line_1_16' title="bbox 187 1374 2531 1437; baseline -0 -18"><span class='ocrx_word' id='word_1_167' title='bbox 187 1374 398 1437; x_wconf 82' lang='lat' dir='ltr'><strong>potestas</strong></span> <span class='ocrx_word' id='word_1_168' title='bbox 430 1374 683 1436; x_wconf 80' lang='lat' dir='ltr'><strong>efflagitata</strong></span> <span class='ocrx_word' id='word_1_169' title='bbox 715 1382 811 1433; x_wconf 87' lang='lat' dir='ltr'><strong>est,</strong></span> <span class='ocrx_word' id='word_1_170' title='bbox 859 1376 1135 1422; x_wconf 89' lang='lat' dir='ltr'><strong>iudiciorum</strong></span> <span class='ocrx_word' id='word_1_171' title='bbox 1167 1375 1358 1422; x_wconf 82' lang='lat' dir='ltr'><strong>levitate</strong></span> <span class='ocrx_word' id='word_1_172' title='bbox 1392 1376 1506 1421; x_wconf 88' lang='lat' dir='ltr'><strong>ordo</strong></span> <span class='ocrx_word' id='word_1_173' title='bbox 1539 1386 1719 1437; x_wconf 86' lang='lat' dir='ltr'><strong>quoque</strong></span> <span class='ocrx_word' id='word_1_174' title='bbox 1762 1375 1880 1421; x_wconf 91' lang='lat' dir='ltr'><strong>alius</strong></span> <span class='ocrx_word' id='word_1_175' title='bbox 1922 1376 1981 1421; x_wconf 89' lang='lat' dir='ltr'><strong>ad</strong></span> <span class='ocrx_word' id='word_1_176' title='bbox 2020 1392 2096 1422; x_wconf 89' lang='lat' dir='ltr'><strong>res</strong></span> <span class='ocrx_word' id='word_1_177' title='bbox 2136 1376 2402 1422; x_wconf 86' lang='lat' dir='ltr'><strong>iudicandas</strong></span> <span class='ocrx_word' id='word_1_178' title='bbox 2444 1389 2531 1436; x_wconf 91' lang='lat' dir='ltr'><strong>po-</strong></span> 
     </span>
     <span class='ocr_line' id='line_1_17' title="bbox 190 1436 2533 1510; baseline 0 -17"><span class='ocrx_word' id='word_1_179' title='bbox 190 1448 412 1504; x_wconf 87' lang='lat' dir='ltr'><strong>stulatur3</strong></span> <span class='ocrx_word' id='word_1_180' title='bbox 455 1446 681 1493; x_wconf 87' lang='lat' dir='ltr'><strong>iudicum</strong></span> <span class='ocrx_word' id='word_1_181' title='bbox 680 1436 829 1510; x_wconf 86' lang='lat' dir='ltr'><strong>culpa</strong></span> <span class='ocrx_word' id='word_1_182' title='bbox 860 1455 996 1510; x_wconf 86' lang='lat' dir='ltr'><strong>atque</strong></span> <span class='ocrx_word' id='word_1_183' title='bbox 1038 1450 1266 1496; x_wconf 88' lang='lat' dir='ltr'><strong>dedecore</strong></span> <span class='ocrx_word' id='word_1_184' title='bbox 1310 1448 1448 1495; x_wconf 84' lang='lat' dir='ltr'><strong>etiam</strong></span> <span class='ocrx_word' id='word_1_185' title='bbox 1489 1464 1732 1494; x_wconf 87' lang='lat' dir='ltr'><strong>censorum</strong></span> <span class='ocrx_word' id='word_1_186' title='bbox 1764 1466 1957 1505; x_wconf 88' lang='lat' dir='ltr'><strong>nomen,</strong></span> <span class='ocrx_word' id='word_1_187' title='bbox 2000 1449 2123 1509; x_wconf 87' lang='lat' dir='ltr'><strong>quod</strong></span> <span class='ocrx_word' id='word_1_188' title='bbox 2155 1448 2365 1508; x_wconf 86' lang='lat' dir='ltr'><strong>asperius</strong></span> <span class='ocrx_word' id='word_1_189' title='bbox 2397 1454 2533 1493; x_wconf 79' lang='lat' dir='ltr'><strong>antea</strong></span> 
     </span>
     <span class='ocr_line' id='line_1_18' title="bbox 189 1518 2533 1584; baseline 0 -20"><span class='ocrx_word' id='word_1_190' title='bbox 189 1520 364 1583; x_wconf 90' lang='lat' dir='ltr'><strong>populo</strong></span> <span class='ocrx_word' id='word_1_191' title='bbox 396 1518 548 1565; x_wconf 73' lang='lat' dir='ltr'><strong>videri</strong></span> <span class='ocrx_word' id='word_1_192' title='bbox 580 1521 783 1577; x_wconf 86' lang='lat' dir='ltr'><strong>solebat,</strong></span> <span class='ocrx_word' id='word_1_193' title='bbox 818 1521 867 1568; x_wconf 93' lang='lat' dir='ltr'><strong>id</strong></span> <span class='ocrx_word' id='word_1_194' title='bbox 899 1537 1020 1568; x_wconf 91' lang='lat' dir='ltr'><strong>nunc</strong></span> <span class='ocrx_word' id='word_1_195' title='bbox 1050 1521 1272 1584; x_wconf 86' lang='lat' dir='ltr'><strong>poscitur,</strong></span> <span class='ocrx_word' id='word_1_196' title='bbox 1305 1520 1353 1567; x_wconf 91' lang='lat' dir='ltr'><strong>id</strong></span> <span class='ocrx_word' id='word_1_197' title='bbox 1385 1520 1475 1566; x_wconf 89' lang='lat' dir='ltr'><strong>iam</strong></span> <span class='ocrx_word' id='word_1_198' title='bbox 1508 1521 1733 1583; x_wconf 82' lang='lat' dir='ltr'><strong>populare</strong></span> <span class='ocrx_word' id='word_1_199' title='bbox 1766 1528 1902 1583; x_wconf 91' lang='lat' dir='ltr'><strong>atque</strong></span> <span class='ocrx_word' id='word_1_200' title='bbox 1934 1519 2180 1584; x_wconf 87' lang='lat' dir='ltr'><strong>plausibile</strong></span> <span class='ocrx_word' id='word_1_201' title='bbox 2213 1519 2386 1566; x_wconf 84' lang='lat' dir='ltr'><strong>factum</strong></span> <span class='ocrx_word' id='word_1_202' title='bbox 2417 1521 2533 1565; x_wconf 74' lang='lat' dir='ltr'><strong>est.“</strong></span> 
     </span>
     <span class='ocr_line' id='line_1_19' title="bbox 188 1591 2535 1657; baseline -0 -19"><span class='ocrx_word' id='word_1_203' title='bbox 188 1594 251 1639; x_wconf 80' lang='lat' dir='ltr'><strong>Et</strong></span> <span class='ocrx_word' id='word_1_204' title='bbox 292 1593 341 1639; x_wconf 91' lang='lat' dir='ltr'><strong>in</strong></span> <span class='ocrx_word' id='word_1_205' title='bbox 372 1592 553 1639; x_wconf 81' lang='lat' dir='ltr'><strong>actione</strong></span> <span class='ocrx_word' id='word_1_206' title='bbox 585 1593 711 1656; x_wconf 87' lang='lat' dir='ltr'><strong>ipsa,</strong></span> <span class='ocrx_word' id='word_1_207' title='bbox 759 1609 876 1655; x_wconf 82' lang='lat' dir='ltr'><strong>quae</strong></span> <span class='ocrx_word' id='word_1_208' title='bbox 908 1594 1061 1641; x_wconf 82' lang='lat' dir='ltr'><strong>tribus</strong></span> <span class='ocrx_word' id='word_1_209' title='bbox 1099 1594 1335 1641; x_wconf 88' lang='lat' dir='ltr'><strong>mensibus</strong></span> <span class='ocrx_word' id='word_1_210' title='bbox 1375 1600 1484 1657; x_wconf 88' lang='lat' dir='ltr'><strong>post</strong></span> <span class='ocrx_word' id='word_1_211' title='bbox 1527 1594 1685 1640; x_wconf 85' lang='lat' dir='ltr'><strong>habita</strong></span> <span class='ocrx_word' id='word_1_212' title='bbox 1731 1601 1803 1640; x_wconf 89' lang='lat' dir='ltr'><strong>est</strong></span> <span class='ocrx_word' id='word_1_213' title='bbox 1851 1593 2177 1651; x_wconf 81' lang='lat' dir='ltr'><strong>„Inveteravit</strong></span> <span class='ocrx_word' id='word_1_214' title='bbox 2208 1593 2298 1640; x_wconf 90' lang='lat' dir='ltr'><strong>iam</strong></span> <span class='ocrx_word' id='word_1_215' title='bbox 2311 1628 2323 1650; x_wconf 91' lang='lat'><strong>,</strong></span> <span class='ocrx_word' id='word_1_216' title='bbox 2372 1591 2535 1654; x_wconf 83' lang='lat' dir='ltr'><strong>inquit,</strong></span> 
     </span>
     <span class='ocr_line' id='line_1_20' title="bbox 188 1664 2535 1731; baseline -0 -20"><span class='ocrx_word' id='word_1_217' title='bbox 188 1665 347 1728; x_wconf 90' lang='lat' dir='ltr'><strong>opinio</strong></span> <span class='ocrx_word' id='word_1_218' title='bbox 380 1665 643 1728; x_wconf 84' lang='lat' dir='ltr'><strong>perniciosa</strong></span> <span class='ocrx_word' id='word_1_219' title='bbox 674 1667 959 1730; x_wconf 85' lang='lat' dir='ltr'><strong>reipublicae</strong></span> <span class='ocrx_word' id='word_1_220' title='bbox 991 1668 1215 1730; x_wconf 86' lang='lat' dir='ltr'><strong>nobisque</strong></span> <span class='ocrx_word' id='word_1_221' title='bbox 1247 1667 1524 1731; x_wconf 86' lang='lat' dir='ltr'><strong>periculosa,</strong></span> <span class='ocrx_word' id='word_1_222' title='bbox 1559 1682 1675 1729; x_wconf 85' lang='lat' dir='ltr'><strong>quae</strong></span> <span class='ocrx_word' id='word_1_223' title='bbox 1708 1683 1800 1713; x_wconf 87' lang='lat' dir='ltr'><strong>non</strong></span> <span class='ocrx_word' id='word_1_224' title='bbox 1832 1667 1970 1714; x_wconf 90' lang='lat' dir='ltr'><strong>modo</strong></span> <span class='ocrx_word' id='word_1_225' title='bbox 1996 1667 2187 1723; x_wconf 84' lang='lat' dir='ltr'><strong>Romae,</strong></span> <span class='ocrx_word' id='word_1_226' title='bbox 2221 1666 2305 1712; x_wconf 90' lang='lat' dir='ltr'><strong>sed</strong></span> <span class='ocrx_word' id='word_1_227' title='bbox 2332 1672 2380 1711; x_wconf 91' lang='lat' dir='ltr'><strong>et</strong></span> <span class='ocrx_word' id='word_1_228' title='bbox 2411 1664 2535 1727; x_wconf 78' lang='lat' dir='ltr'><strong>apud</strong></span> 
     </span>
     <span class='ocr_line' id='line_1_21' title="bbox 187 1738 2533 1805; baseline -0.001 -20"><span class='ocrx_word' id='word_1_229' title='bbox 187 1745 375 1786; x_wconf 85' lang='lat' dir='ltr'><strong>exteras</strong></span> <span class='ocrx_word' id='word_1_230' title='bbox 406 1739 618 1785; x_wconf 81' lang='lat' dir='ltr'><strong>nationes</strong></span> <span class='ocrx_word' id='word_1_231' title='bbox 652 1741 854 1787; x_wconf 88' lang='lat' dir='ltr'><strong>omnium</strong></span> <span class='ocrx_word' id='word_1_232' title='bbox 886 1758 1100 1789; x_wconf 89' lang='lat' dir='ltr'><strong>sermone</strong></span> <span class='ocrx_word' id='word_1_233' title='bbox 1130 1741 1411 1805; x_wconf 87' lang='lat' dir='ltr'><strong>percrebuit,</strong></span> <span class='ocrx_word' id='word_1_234' title='bbox 1444 1740 1517 1786; x_wconf 91' lang='lat' dir='ltr'><strong>his</strong></span> <span class='ocrx_word' id='word_1_235' title='bbox 1549 1740 1747 1798; x_wconf 87' lang='lat' dir='ltr'><strong>indiciis,</strong></span> <span class='ocrx_word' id='word_1_236' title='bbox 1781 1741 1897 1802; x_wconf 86' lang='lat' dir='ltr'><strong>quae</strong></span> <span class='ocrx_word' id='word_1_237' title='bbox 1929 1756 2050 1786; x_wconf 84' lang='lat' dir='ltr'><strong>nunc</strong></span> <span class='ocrx_word' id='word_1_238' title='bbox 2077 1740 2199 1797; x_wconf 86' lang='lat' dir='ltr'><strong>sint,</strong></span> <span class='ocrx_word' id='word_1_239' title='bbox 2231 1738 2533 1803; x_wconf 88' lang='lat' dir='ltr'><strong>pecuniosum</strong></span> 
     </span>
     <span class='ocr_line' id='line_1_22' title="bbox 187 1811 2533 1877; baseline 0 -21"><span class='ocrx_word' id='word_1_240' title='bbox 187 1812 434 1868; x_wconf 84' lang='lat' dir='ltr'><strong>hominem,</strong></span> <span class='ocrx_word' id='word_1_241' title='bbox 474 1814 681 1873; x_wconf 83' lang='lat' dir='ltr'><strong>quamvis</strong></span> <span class='ocrx_word' id='word_1_242' title='bbox 714 1814 776 1860; x_wconf 88' lang='lat' dir='ltr'><strong>sit</strong></span> <span class='ocrx_word' id='word_1_243' title='bbox 806 1830 1003 1872; x_wconf 87' lang='lat' dir='ltr'><strong>nocens,</strong></span> <span class='ocrx_word' id='word_1_244' title='bbox 1035 1815 1270 1862; x_wconf 86' lang='lat' dir='ltr'><strong>neminem</strong></span> <span class='ocrx_word' id='word_1_245' title='bbox 1298 1830 1440 1877; x_wconf 87' lang='lat' dir='ltr'><strong>posse</strong></span> <span class='ocrx_word' id='word_1_246' title='bbox 1472 1814 1678 1860; x_wconf 84' lang='lat' dir='ltr'><strong>damnari</strong></span> <span class='ocrx_word' id='word_1_247' title='bbox 1689 1815 1801 1876; x_wconf 81' lang='lat'><strong>“,¹⁶)</strong></span> <span class='ocrx_word' id='word_1_248' title='bbox 1835 1816 2134 1875; x_wconf 88' lang='lat' dir='ltr'><strong>hortaturque</strong></span> <span class='ocrx_word' id='word_1_249' title='bbox 2165 1813 2368 1869; x_wconf 73' lang='lat' dir='ltr'><strong>indices,</strong></span> <span class='ocrx_word' id='word_1_250' title='bbox 2401 1819 2454 1857; x_wconf 91' lang='lat' dir='ltr'><strong>ut</strong></span> <span class='ocrx_word' id='word_1_251' title='bbox 2484 1811 2533 1856; x_wconf 87' lang='lat' dir='ltr'><strong>in</strong></span> 
     </span>
     <span class='ocr_line' id='line_1_23' title="bbox 185 1883 2532 1947; baseline 0 -18"><span class='ocrx_word' id='word_1_252' title='bbox 185 1884 289 1945; x_wconf 90' lang='lat' dir='ltr'><strong>ipso</strong></span> <span class='ocrx_word' id='word_1_253' title='bbox 323 1883 588 1931; x_wconf 84' lang='lat' dir='ltr'><strong>discrimine</strong></span> <span class='ocrx_word' id='word_1_254' title='bbox 620 1887 796 1933; x_wconf 82' lang='lat' dir='ltr'><strong>ordinis</strong></span> <span class='ocrx_word' id='word_1_255' title='bbox 820 1888 977 1945; x_wconf 85' lang='lat' dir='ltr'><strong>totius,</strong></span> <span class='ocrx_word' id='word_1_256' title='bbox 1011 1890 1224 1935; x_wconf 77' lang='lat' dir='ltr'><strong>damnato</strong></span> <span class='ocrx_word' id='word_1_257' title='bbox 1251 1888 1402 1933; x_wconf 85' lang='lat' dir='ltr'><strong>Verre</strong></span> <span class='ocrx_word' id='word_1_258' title='bbox 1435 1888 1653 1933; x_wconf 83' lang='lat' dir='ltr'><strong>sedarent</strong></span> <span class='ocrx_word' id='word_1_259' title='bbox 1678 1888 1921 1947; x_wconf 85' lang='lat' dir='ltr'><strong>aliquando</strong></span> <span class='ocrx_word' id='word_1_260' title='bbox 1953 1888 2174 1934; x_wconf 82' lang='lat' dir='ltr'><strong>invidiam</strong></span> <span class='ocrx_word' id='word_1_261' title='bbox 2207 1887 2532 1945; x_wconf 80' lang='lat' dir='ltr'><strong>infamiamque</strong></span> 
     </span>
     <span class='ocr_line' id='line_1_24' title="bbox 184 1956 2529 2020; baseline -0 -17"><span class='ocrx_word' id='word_1_262' title='bbox 184 1956 480 2014; x_wconf 83' lang='lat' dir='ltr'><strong>iudiciorum,</strong></span> <span class='ocrx_word' id='word_1_263' title='bbox 521 1970 772 2020; x_wconf 82' lang='lat' dir='ltr'><strong>eorumque</strong></span> <span class='ocrx_word' id='word_1_264' title='bbox 805 1959 1017 2007; x_wconf 87' lang='lat' dir='ltr'><strong>amissam</strong></span> <span class='ocrx_word' id='word_1_265' title='bbox 1061 1959 1450 2008; x_wconf 63' lang='lat' dir='ltr'><strong>existimationem</strong></span> <span class='ocrx_word' id='word_1_266' title='bbox 1491 1961 1860 2007; x_wconf 85' lang='lat' dir='ltr'><strong>reconciliarent.</strong></span> <span class='ocrx_word' id='word_1_267' title='bbox 1927 1961 2020 2017; x_wconf 88' lang='lat' dir='ltr'><strong>„In</strong></span> <span class='ocrx_word' id='word_1_268' title='bbox 2054 1976 2112 2006; x_wconf 89' lang='lat' dir='ltr'><strong>eo</strong></span> <span class='ocrx_word' id='word_1_269' title='bbox 2143 1960 2266 2007; x_wconf 88' lang='lat' dir='ltr'><strong>enim</strong></span> <span class='ocrx_word' id='word_1_270' title='bbox 2300 1975 2428 2015; x_wconf 88' lang='lat' dir='ltr'><strong>esse,</strong></span> <span class='ocrx_word' id='word_1_271' title='bbox 2477 1964 2529 2002; x_wconf 85' lang='lat' dir='ltr'><strong>ut</strong></span> 
     </span>
     <span class='ocr_line' id='line_1_25' title="bbox 184 2027 2527 2095; baseline -0 -19"><span class='ocrx_word' id='word_1_272' title='bbox 184 2036 294 2092; x_wconf 89' lang='lat' dir='ltr'><strong>post</strong></span> <span class='ocrx_word' id='word_1_273' title='bbox 324 2030 441 2076; x_wconf 83' lang='lat' dir='ltr'><strong>hanc</strong></span> <span class='ocrx_word' id='word_1_274' title='bbox 472 2047 559 2094; x_wconf 89' lang='lat' dir='ltr'><strong>per</strong></span> <span class='ocrx_word' id='word_1_275' title='bbox 591 2027 765 2092; x_wconf 83' lang='lat' dir='ltr'><strong>aliquot</strong></span> <span class='ocrx_word' id='word_1_276' title='bbox 806 2031 898 2079; x_wconf 91' lang='lat' dir='ltr'><strong>iam</strong></span> <span class='ocrx_word' id='word_1_277' title='bbox 941 2048 1085 2080; x_wconf 91' lang='lat' dir='ltr'><strong>annos</strong></span> <span class='ocrx_word' id='word_1_278' title='bbox 1128 2039 1395 2095; x_wconf 87' lang='lat' dir='ltr'><strong>conceptam</strong></span> <span class='ocrx_word' id='word_1_279' title='bbox 1437 2031 1546 2078; x_wconf 84' lang='lat' dir='ltr'><strong>huic</strong></span> <span class='ocrx_word' id='word_1_280' title='bbox 1587 2032 1738 2079; x_wconf 90' lang='lat' dir='ltr'><strong>ordini</strong></span> <span class='ocrx_word' id='word_1_281' title='bbox 1770 2033 2152 2095; x_wconf 86' lang='lat' dir='ltr'><strong>turpiditudinem</strong></span> <span class='ocrx_word' id='word_1_282' title='bbox 2186 2032 2244 2077; x_wconf 85' lang='lat' dir='ltr'><strong>ad</strong></span> <span class='ocrx_word' id='word_1_283' title='bbox 2277 2031 2416 2077; x_wconf 89' lang='lat' dir='ltr'><strong>alium</strong></span> <span class='ocrx_word' id='word_1_284' title='bbox 2450 2045 2527 2075; x_wconf 92' lang='lat' dir='ltr'><strong>or·-</strong></span> 
     </span>
     <span class='ocr_line' id='line_1_26' title="bbox 187 2103 2525 2168; baseline -0 -18"><span class='ocrx_word' id='word_1_285' title='bbox 187 2104 342 2151; x_wconf 87' lang='lat' dir='ltr'><strong>dinem</strong></span> <span class='ocrx_word' id='word_1_286' title='bbox 372 2104 544 2151; x_wconf 89' lang='lat' dir='ltr'><strong>iudicia</strong></span> <span class='ocrx_word' id='word_1_287' title='bbox 574 2105 897 2152; x_wconf 85' lang='lat' dir='ltr'><strong>transferenda</strong></span> <span class='ocrx_word' id='word_1_288' title='bbox 927 2106 1216 2152; x_wconf 85' lang='lat' dir='ltr'><strong>videantur.“</strong></span> <span class='ocrx_word' id='word_1_289' title='bbox 1245 2106 1300 2168; x_wconf 74' lang='lat'><strong>¹²)</strong></span> <span class='ocrx_word' id='word_1_290' title='bbox 1362 2103 1427 2150; x_wconf 81' lang='lat' dir='ltr'><strong>Et</strong></span> <span class='ocrx_word' id='word_1_291' title='bbox 1458 2104 1549 2150; x_wconf 86' lang='lat' dir='ltr'><strong>alio</strong></span> <span class='ocrx_word' id='word_1_292' title='bbox 1582 2106 1685 2152; x_wconf 88' lang='lat' dir='ltr'><strong>loco</strong></span> <span class='ocrx_word' id='word_1_293' title='bbox 1714 2106 1768 2167; x_wconf 82' lang='lat'><strong>¹⁸)</strong></span> <span class='ocrx_word' id='word_1_294' title='bbox 1803 2107 2118 2167; x_wconf 79' lang='lat' dir='ltr'><strong>„Gognoscet,</strong></span> <span class='ocrx_word' id='word_1_295' title='bbox 2151 2105 2323 2166; x_wconf 89' lang='lat' dir='ltr'><strong>inquit,</strong></span> <span class='ocrx_word' id='word_1_296' title='bbox 2357 2119 2418 2150; x_wconf 86' lang='lat' dir='ltr'><strong>ex</strong></span> <span class='ocrx_word' id='word_1_297' title='bbox 2452 2119 2525 2149; x_wconf 88' lang='lat' dir='ltr'><strong>me</strong></span> 
     </span>
     <span class='ocr_line' id='line_1_27' title="bbox 185 2177 2527 2241; baseline -0 -17"><span class='ocrx_word' id='word_1_298' title='bbox 185 2179 386 2241; x_wconf 83' lang='lat' dir='ltr'><strong>populus</strong></span> <span class='ocrx_word' id='word_1_299' title='bbox 412 2177 679 2235; x_wconf 77' lang='lat' dir='ltr'><strong>Romanus,</strong></span> <span class='ocrx_word' id='word_1_300' title='bbox 723 2178 832 2240; x_wconf 90' lang='lat' dir='ltr'><strong>quid</strong></span> <span class='ocrx_word' id='word_1_301' title='bbox 865 2179 926 2226; x_wconf 86' lang='lat' dir='ltr'><strong>sit</strong></span> <span class='ocrx_word' id='word_1_302' title='bbox 959 2206 1017 2213; x_wconf 88' lang='lat'>—</span> <span class='ocrx_word' id='word_1_303' title='bbox 1051 2180 1173 2241; x_wconf 93' lang='lat' dir='ltr'><strong>quod</strong></span> <span class='ocrx_word' id='word_1_304' title='bbox 1205 2178 1387 2225; x_wconf 87' lang='lat' dir='ltr'><strong>iudiciis</strong></span> <span class='ocrx_word' id='word_1_305' title='bbox 1421 2178 1478 2224; x_wconf 90' lang='lat' dir='ltr'><strong>ad</strong></span> <span class='ocrx_word' id='word_1_306' title='bbox 1521 2186 1783 2225; x_wconf 89' lang='lat' dir='ltr'><strong>senatorum</strong></span> <span class='ocrx_word' id='word_1_307' title='bbox 1827 2178 2035 2225; x_wconf 89' lang='lat' dir='ltr'><strong>ordinem</strong></span> <span class='ocrx_word' id='word_1_308' title='bbox 2066 2179 2328 2234; x_wconf 87' lang='lat' dir='ltr'><strong>translatis,</strong></span> <span class='ocrx_word' id='word_1_309' title='bbox 2370 2178 2527 2224; x_wconf 87' lang='lat' dir='ltr'><strong>subla-</strong></span> 
     </span>
     <span class='ocr_line' id='line_1_28' title="bbox 183 2251 2528 2315; baseline 0 -18"><span class='ocrx_word' id='word_1_310' title='bbox 183 2251 337 2312; x_wconf 80' lang='lat' dir='ltr'><strong>taque</strong></span> <span class='ocrx_word' id='word_1_311' title='bbox 353 2251 516 2314; x_wconf 88' lang='lat' dir='ltr'><strong>populi</strong></span> <span class='ocrx_word' id='word_1_312' title='bbox 532 2251 728 2299; x_wconf 83' lang='lat' dir='ltr'><strong>Romani</strong></span> <span class='ocrx_word' id='word_1_313' title='bbox 760 2252 821 2300; x_wconf 71' lang='lat' dir='ltr'><strong>in&#39;</strong></span> <span class='ocrx_word' id='word_1_314' title='bbox 840 2261 1208 2315; x_wconf 87' lang='lat' dir='ltr'><strong>unumquemque</strong></span> <span class='ocrx_word' id='word_1_315' title='bbox 1239 2259 1448 2299; x_wconf 88' lang='lat' dir='ltr'><strong>nostrum</strong></span> <span class='ocrx_word' id='word_1_316' title='bbox 1479 2259 1726 2314; x_wconf 88' lang='lat' dir='ltr'><strong>potestate,</strong></span> <span class='ocrx_word' id='word_1_317' title='bbox 1759 2252 1817 2314; x_wconf 90' lang='lat' dir='ltr'><strong>Q.</strong></span> <span class='ocrx_word' id='word_1_318' title='bbox 1836 2251 2042 2298; x_wconf 82' lang='lat' dir='ltr'><strong>Calidius</strong></span> <span class='ocrx_word' id='word_1_319' title='bbox 2069 2252 2312 2298; x_wconf 87' lang='lat' dir='ltr'><strong>damnatus</strong></span> <span class='ocrx_word' id='word_1_320' title='bbox 2339 2251 2528 2306; x_wconf 81' lang='lat' dir='ltr'><strong>dixerit,</strong></span> 
     </span>
     <span class='ocr_line' id='line_1_29' title="bbox 184 2323 2528 2389; baseline -0 -18"><span class='ocrx_word' id='word_1_321' title='bbox 184 2323 374 2374; x_wconf 86' lang='lat' dir='ltr'><strong>minoris</strong></span> <span class='ocrx_word' id='word_1_322' title='bbox 399 2324 488 2371; x_wconf 84' lang='lat' dir='ltr'><strong>HS</strong></span> <span class='ocrx_word' id='word_1_323' title='bbox 514 2324 678 2372; x_wconf 84' lang='lat' dir='ltr'><strong>tricies</strong></span> <span class='ocrx_word' id='word_1_324' title='bbox 704 2325 987 2389; x_wconf 85' lang='lat' dir='ltr'><strong>praetorium</strong></span> <span class='ocrx_word' id='word_1_325' title='bbox 1018 2326 1251 2375; x_wconf 88' lang='lat' dir='ltr'><strong>hominem</strong></span> <span class='ocrx_word' id='word_1_326' title='bbox 1283 2326 1477 2373; x_wconf 86' lang='lat' dir='ltr'><strong>honeste</strong></span> <span class='ocrx_word' id='word_1_327' title='bbox 1510 2340 1602 2372; x_wconf 92' lang='lat' dir='ltr'><strong>non</strong></span> <span class='ocrx_word' id='word_1_328' title='bbox 1633 2341 1772 2388; x_wconf 89' lang='lat' dir='ltr'><strong>posse</strong></span> <span class='ocrx_word' id='word_1_329' title='bbox 1806 2325 2039 2373; x_wconf 77' lang='lat' dir='ltr'><strong>damnari:</strong></span> <span class='ocrx_word' id='word_1_330' title='bbox 2057 2325 2118 2388; x_wconf 77' lang='lat'><strong>¹⁹)</strong></span> <span class='ocrx_word' id='word_1_331' title='bbox 2152 2325 2262 2387; x_wconf 85' lang='lat' dir='ltr'><strong>quid</strong></span> <span class='ocrx_word' id='word_1_332' title='bbox 2296 2325 2372 2382; x_wconf 90' lang='lat' dir='ltr'><strong>sit,</strong></span> <span class='ocrx_word' id='word_1_333' title='bbox 2405 2324 2528 2386; x_wconf 90' lang='lat' dir='ltr'><strong>quod</strong></span> 
     </span>
     <span class='ocr_line' id='line_1_30' title="bbox 186 2397 2528 2463; baseline -0 -19"><span class='ocrx_word' id='word_1_334' title='bbox 186 2398 241 2444; x_wconf 92' lang='lat' dir='ltr'><strong>P.</strong></span> <span class='ocrx_word' id='word_1_335' title='bbox 275 2397 501 2460; x_wconf 86' lang='lat' dir='ltr'><strong>Septimio</strong></span> <span class='ocrx_word' id='word_1_336' title='bbox 534 2405 749 2446; x_wconf 87' lang='lat' dir='ltr'><strong>senatore</strong></span> <span class='ocrx_word' id='word_1_337' title='bbox 783 2400 1010 2457; x_wconf 90' lang='lat' dir='ltr'><strong>damnato,</strong></span> <span class='ocrx_word' id='word_1_338' title='bbox 1044 2399 1103 2463; x_wconf 87' lang='lat' dir='ltr'><strong>Q.</strong></span> <span class='ocrx_word' id='word_1_339' title='bbox 1135 2398 1392 2446; x_wconf 83' lang='lat' dir='ltr'><strong>Hortensio</strong></span> <span class='ocrx_word' id='word_1_340' title='bbox 1424 2404 1655 2461; x_wconf 88' lang='lat' dir='ltr'><strong>praetore,</strong></span> <span class='ocrx_word' id='word_1_341' title='bbox 1688 2399 1747 2445; x_wconf 82' lang='lat' dir='ltr'><strong>d&#39;e</strong></span> <span class='ocrx_word' id='word_1_342' title='bbox 1780 2398 1993 2461; x_wconf 89' lang='lat' dir='ltr'><strong>pecuniis</strong></span> <span class='ocrx_word' id='word_1_343' title='bbox 2025 2399 2325 2462; x_wconf 87' lang='lat' dir='ltr'><strong>repetundis,</strong></span> <span class='ocrx_word' id='word_1_344' title='bbox 2358 2398 2417 2445; x_wconf 89' lang='lat' dir='ltr'><strong>lis</strong></span> <span class='ocrx_word' id='word_1_345' title='bbox 2451 2413 2528 2443; x_wconf 91' lang='lat' dir='ltr'><strong>ae-</strong></span> 
     </span>
     <span class='ocr_line' id='line_1_31' title="bbox 184 2470 2526 2537; baseline -0.001 -21"><span class='ocrx_word' id='word_1_346' title='bbox 184 2471 370 2517; x_wconf 88' lang='lat' dir='ltr'><strong>stimata</strong></span> <span class='ocrx_word' id='word_1_347' title='bbox 401 2470 462 2516; x_wconf 89' lang='lat' dir='ltr'><strong>sit</strong></span> <span class='ocrx_word' id='word_1_348' title='bbox 494 2487 550 2516; x_wconf 91' lang='lat' dir='ltr'><strong>eo</strong></span> <span class='ocrx_word' id='word_1_349' title='bbox 582 2472 792 2528; x_wconf 84' lang='lat' dir='ltr'><strong>nomine,</strong></span> <span class='ocrx_word' id='word_1_350' title='bbox 826 2474 949 2534; x_wconf 86' lang='lat' dir='ltr'><strong>quod</strong></span> <span class='ocrx_word' id='word_1_351' title='bbox 979 2473 1060 2519; x_wconf 78' lang='lat' dir='ltr'><strong>isse</strong></span> <span class='ocrx_word' id='word_1_352' title='bbox 1094 2474 1153 2520; x_wconf 76' lang='lat' dir='ltr'><strong>ob</strong></span> <span class='ocrx_word' id='word_1_353' title='bbox 1185 2489 1284 2519; x_wconf 86' lang='lat' dir='ltr'><strong>rem</strong></span> <span class='ocrx_word' id='word_1_354' title='bbox 1312 2470 1604 2518; x_wconf 68' lang='lat' dir='ltr'><strong>riudicandam</strong></span> <span class='ocrx_word' id='word_1_355' title='bbox 1635 2472 1881 2533; x_wconf 79' lang='lat' dir='ltr'><strong>pecuniam</strong></span> <span class='ocrx_word' id='word_1_356' title='bbox 1914 2472 2199 2537; x_wconf 60' lang='lat' dir='ltr'><strong>accepissem</strong></span> <span class='ocrx_word' id='word_1_357' title='bbox 2240 2473 2363 2534; x_wconf 85' lang='lat' dir='ltr'><strong>quod</strong></span> <span class='ocrx_word' id='word_1_358' title='bbox 2395 2472 2440 2515; x_wconf 89' lang='lat' dir='ltr'><strong>in</strong></span> <span class='ocrx_word' id='word_1_359' title='bbox 2474 2471 2526 2515; x_wconf 85' lang='lat' dir='ltr'><strong>C.</strong></span> 
     </span>
     <span class='ocr_line' id='line_1_32' title="bbox 172 2543 2525 2609; baseline 0 -20"><span class='ocrx_word' id='word_1_360' title='bbox 172 2543 453 2601; x_wconf 81' lang='lat' dir='ltr'><strong>Herennio,</strong></span> <span class='ocrx_word' id='word_1_361' title='bbox 486 2544 609 2605; x_wconf 92' lang='lat' dir='ltr'><strong>quod</strong></span> <span class='ocrx_word' id='word_1_362' title='bbox 641 2543 691 2591; x_wconf 84' lang='lat' dir='ltr'><strong>in</strong></span> <span class='ocrx_word' id='word_1_363' title='bbox 722 2546 774 2592; x_wconf 86' lang='lat' dir='ltr'><strong>G.</strong></span> <span class='ocrx_word' id='word_1_364' title='bbox 808 2546 997 2609; x_wconf 86' lang='lat' dir='ltr'><strong>Popilio</strong></span> <span class='ocrx_word' id='word_1_365' title='bbox 1030 2545 1343 2603; x_wconf 84' lang='lat' dir='ltr'><strong>senatoribus,</strong></span> <span class='ocrx_word' id='word_1_366' title='bbox 1377 2543 1454 2607; x_wconf 91' lang='lat' dir='ltr'><strong>qui</strong></span> <span class='ocrx_word' id='word_1_367' title='bbox 1486 2545 1619 2590; x_wconf 83' lang='lat' dir='ltr'><strong>ambo</strong></span> <span class='ocrx_word' id='word_1_368' title='bbox 1651 2545 1894 2607; x_wconf 87' lang='lat' dir='ltr'><strong>peculatus</strong></span> <span class='ocrx_word' id='word_1_369' title='bbox 1927 2544 2129 2592; x_wconf 72' lang='lat' dir='ltr'><strong>dani&#39;nati</strong></span> <span class='ocrx_word' id='word_1_370' title='bbox 2161 2554 2292 2602; x_wconf 90' lang='lat' dir='ltr'><strong>sunt,</strong></span> <span class='ocrx_word' id='word_1_371' title='bbox 2325 2544 2445 2605; x_wconf 90' lang='lat' dir='ltr'><strong>quod</strong></span> <span class='ocrx_word' id='word_1_372' title='bbox 2478 2543 2525 2589; x_wconf 89' lang='lat' dir='ltr'><strong>in</strong></span> 
     </span>
    </p>
   </div>
   <div class='ocr_carea' id='block_1_2' title="bbox 183 2721 2526 2987">
    <p class='ocr_par' dir='ltr' id='par_1_2' title="bbox 183 2721 1658 2766">
     <span class='ocr_line' id='line_1_33' title="bbox 183 2721 1658 2766; baseline 0.002 -10"><span class='ocrx_word' id='word_1_373' title='bbox 183 2722 230 2766; x_wconf 79' lang='lat'>&#39;¹³)</span> <span class='ocrx_word' id='word_1_374' title='bbox 255 2722 323 2757; x_wconf 84' lang='lat' dir='ltr'><strong>Cic.</strong></span> <span class='ocrx_word' id='word_1_375' title='bbox 348 2733 399 2766; x_wconf 84' lang='lat' dir='ltr'><strong>pr.</strong></span> <span class='ocrx_word' id='word_1_376' title='bbox 423 2721 553 2756; x_wconf 86' lang='lat' dir='ltr'><strong>Cluent.</strong></span> <span class='ocrx_word' id='word_1_377' title='bbox 577 2733 606 2757; x_wconf 78' lang='lat' dir='ltr'><strong>c.</strong></span> <span class='ocrx_word' id='word_1_378' title='bbox 629 2722 723 2758; x_wconf 70' lang='lat'><strong>24—</strong></span> <span class='ocrx_word' id='word_1_379' title='bbox 737 2725 792 2761; x_wconf 77' lang='lat'><strong>28</strong></span> <span class='ocrx_word' id='word_1_380' title='bbox 1397 2724 1438 2766; x_wconf 71' lang='lat'><strong>¹⁸)</strong></span> <span class='ocrx_word' id='word_1_381' title='bbox 1461 2722 1503 2756; x_wconf 86' lang='lat' dir='ltr'><strong>ib.</strong></span> <span class='ocrx_word' id='word_1_382' title='bbox 1531 2724 1582 2764; x_wconf 80' lang='lat'><strong>13,</strong></span> <span class='ocrx_word' id='word_1_383' title='bbox 1604 2725 1658 2759; x_wconf 74' lang='lat'><strong>28.</strong></span> 
     </span>
    </p>

    <p class='ocr_par' dir='ltr' id='par_1_3' title="bbox 187 2767 2526 2987">
     <span class='ocr_line' id='line_1_34' title="bbox 255 2767 2526 2847; baseline 0.001 -6.943"><span class='ocrx_word' id='word_1_384' title='bbox 255 2777 307 2810; x_wconf 83' lang='lat' dir='ltr'>v</span> <span class='ocrx_word' id='word_1_385' title='bbox 308 2777 368 2811; x_wconf 77' lang='lat'><strong>==</strong></span> <span class='ocrx_word' id='word_1_386' title='bbox 389 2777 440 2811; x_wconf 66' lang='lat'><strong>⁴</strong></span> <span class='ocrx_word' id='word_1_387' title='bbox 500 2777 649 2839; x_wconf 44' lang='lat' dir='ltr'><strong>a...</strong></span> <span class='ocrx_word' id='word_1_388' title='bbox 650 2778 717 2812; x_wconf 65' lang='lat'><strong>...1</strong></span> <span class='ocrx_word' id='word_1_389' title='bbox 727 2780 818 2812; x_wconf 56' lang='lat' dir='ltr'>A</span> <span class='ocrx_word' id='word_1_390' title='bbox 1045 2792 1078 2825; x_wconf 71' lang='lat'><strong>1»-</strong></span> <span class='ocrx_word' id='word_1_391' title='bbox 1102 2782 1145 2816; x_wconf 63' lang='grc' dir='ltr'><em>ω</em></span> <span class='ocrx_word' id='word_1_392' title='bbox 1398 2767 1663 2844; x_wconf 46' lang='lat' dir='ltr'><strong>‘varam</strong></span> <span class='ocrx_word' id='word_1_393' title='bbox 1616 2822 1672 2844; x_wconf 83' lang='grc'><strong>....</strong></span> <span class='ocrx_word' id='word_1_394' title='bbox 1673 2768 1796 2846; x_wconf 75' lang='lat' dir='ltr'><strong>t..</strong></span> <span class='ocrx_word' id='word_1_395' title='bbox 1750 2775 1844 2802; x_wconf 68' lang='lat'><strong>⁴</strong></span> <span class='ocrx_word' id='word_1_396' title='bbox 1851 2770 2071 2847; x_wconf 71' lang='lat'><strong>.·⁷3..„⁴;.·</strong></span> <span class='ocrx_word' id='word_1_397' title='bbox 2147 2767 2361 2845; x_wconf 56' lang='lat' dir='ltr'><strong>:aa</strong></span> <span class='ocrx_word' id='word_1_398' title='bbox 2359 2778 2454 2844; x_wconf 49' lang='lat' dir='ltr'><strong>:x-</strong></span> <span class='ocrx_word' id='word_1_399' title='bbox 2452 2777 2526 2843; x_wconf 54' lang='grc' dir='ltr'><strong>..τι</strong></span> 
     </span>
     <span class='ocr_line' id='line_1_35' title="bbox 187 2813 2526 2919; baseline 0.002 -36"><span class='ocrx_word' id='word_1_400' title='bbox 187 2834 229 2907; x_wconf 51' lang='grc' dir='ltr'><strong>ἶ)</strong></span> <span class='ocrx_word' id='word_1_401' title='bbox 253 2833 284 2870; x_wconf 76' lang='lat'><strong>3⁹</strong></span> <span class='ocrx_word' id='word_1_402' title='bbox 306 2833 371 2919; x_wconf 52' lang='lat'><strong>&amp;1</strong></span> <span class='ocrx_word' id='word_1_403' title='bbox 1436 2855 1527 2887; x_wconf 82' lang='lat' dir='ltr'><strong>cibus</strong></span> <span class='ocrx_word' id='word_1_404' title='bbox 1549 2813 1726 2898; x_wconf 55' lang='lat' dir='ltr'><strong>pagoniam</strong></span> <span class='ocrx_word' id='word_1_405' title='bbox 1756 2819 1878 2890; x_wconf 64' lang='lat' dir='ltr'><strong>coiiqude</strong></span> <span class='ocrx_word' id='word_1_406' title='bbox 1852 2868 1933 2891; x_wconf 80' lang='lat' dir='ltr'><strong>ase</strong></span> <span class='ocrx_word' id='word_1_407' title='bbox 1956 2857 1999 2890; x_wconf 84' lang='lat' dir='ltr'><strong>da</strong></span> <span class='ocrx_word' id='word_1_408' title='bbox 2001 2863 2086 2897; x_wconf 80' lang='lat' dir='ltr'><strong>tam,</strong></span> <span class='ocrx_word' id='word_1_409' title='bbox 2087 2822 2361 2890; x_wconf 39' lang='lat' dir='ltr'><strong>gezman-s</strong></span> <span class='ocrx_word' id='word_1_410' title='bbox 2367 2853 2432 2888; x_wconf 69' lang='lat' dir='ltr'><strong>vd</strong></span> <span class='ocrx_word' id='word_1_411' title='bbox 2455 2854 2526 2887; x_wconf 86' lang='lat' dir='ltr'><strong>io·d</strong></span> 
     </span>
     <span class='ocr_line' id='line_1_36' title="bbox 203 2885 2525 2947; baseline 0.003 -21"><span class='ocrx_word' id='word_1_412' title='bbox 203 2885 230 2947; x_wconf 51' lang='grc'><strong>-)</strong></span> <span class='ocrx_word' id='word_1_413' title='bbox 256 2886 305 2917; x_wconf 68' lang='grc'><strong>-40</strong></span> <span class='ocrx_word' id='word_1_414' title='bbox 308 2890 329 2917; x_wconf 63' lang='lat' dir='ltr'><strong>t·</strong></span> <span class='ocrx_word' id='word_1_415' title='bbox 375 2887 440 2926; x_wconf 78' lang='grc'><strong>1</strong></span> <span class='ocrx_word' id='word_1_416' title='bbox 465 2887 495 2920; x_wconf 79' lang='lat' dir='ltr'><strong>l·</strong></span> <span class='ocrx_word' id='word_1_417' title='bbox 1434 2909 1530 2931; x_wconf 80' lang='lat' dir='ltr'><strong>neam</strong></span> <span class='ocrx_word' id='word_1_418' title='bbox 1553 2899 1742 2933; x_wconf 87' lang='lat' dir='ltr'><strong>mercedem</strong></span> <span class='ocrx_word' id='word_1_419' title='bbox 1766 2912 1806 2943; x_wconf 81' lang='lat' dir='ltr'><strong>pr</strong></span> <span class='ocrx_word' id='word_1_420' title='bbox 1790 2911 1827 2933; x_wconf 87' lang='lat' dir='ltr'><strong>ro</strong></span> <span class='ocrx_word' id='word_1_421' title='bbox 1849 2911 1963 2934; x_wconf 83' lang='lat' dir='ltr'><strong>meoc</strong></span> <span class='ocrx_word' id='word_1_422' title='bbox 1965 2901 2054 2944; x_wconf 75' lang='lat' dir='ltr'><strong>aeptt</strong></span> <span class='ocrx_word' id='word_1_423' title='bbox 2075 2900 2195 2943; x_wconf 77' lang='lat' dir='ltr'><strong>pacisci</strong></span> <span class='ocrx_word' id='word_1_424' title='bbox 2212 2898 2332 2932; x_wconf 65' lang='lat' dir='ltr'><strong>debun-</strong></span> <span class='ocrx_word' id='word_1_425' title='bbox 2314 2899 2385 2933; x_wconf 68' lang='lat' dir='ltr'><strong>sus.</strong></span> <span class='ocrx_word' id='word_1_426' title='bbox 2419 2897 2525 2932; x_wconf 69' lang='lat' dir='ltr'><strong>Pseu</strong></span> 
     </span>
     <span class='ocr_line' id='line_1_37' title="bbox 188 2939 2299 2987; baseline 0.003 -16"><span class='ocrx_word' id='word_1_427' title='bbox 188 2939 856 2981; x_wconf 72' lang='lat' dir='ltr'><strong>1·)Ac·t.1nn·18,20.16,49.</strong></span> <span class='ocrx_word' id='word_1_428' title='bbox 1435 2942 1717 2987; x_wconf 78' lang='lat' dir='ltr'><strong>do-Ascon.p.1</strong></span> <span class='ocrx_word' id='word_1_429' title='bbox 1704 2943 1850 2978; x_wconf 84' lang='grc' dir='ltr'><strong>15ι·.40</strong></span> <span class='ocrx_word' id='word_1_430' title='bbox 1897 2944 2220 2983; x_wconf 74' lang='lat' dir='ltr'><strong>Verr.c‚5,At.32</strong></span> <span class='ocrx_word' id='word_1_431' title='bbox 2243 2943 2299 2978; x_wconf 72' lang='lat'><strong>03.</strong></span> 
     </span>
    </p>
   </div>
  </div>
 </body>
</html>
