2720 3402
175 260 314 307 Bello
347 261 526 309 Punico
570 264 774 310 secundo
816 266 905 312 hoc
944 267 1114 330 insigni
1156 284 1266 331 usos
1300 269 1447 316 fuisse
1480 270 1660 332 equites
1694 285 1814 332 equo
1846 269 2060 332 publico,
2108 284 2135 316 e
2167 268 2294 315 Livii
2326 269 2524 330 quodam

175 334 278 377 loco
313 334 515 379 conieci:
538 335 575 395 5)
623 338 679 380 ab
712 337 786 381 his
818 353 910 383 non
942 341 1086 386 multo
1122 348 1229 403 post
1262 341 1526 399 Gracchos,
1567 343 1896 404 usurpantibus
1929 341 2169 404 paullatim
2212 340 2411 402 insignia
2452 340 2525 385 di-

174 404 363 465 gnitatis
398 407 627 466 equestris
658 407 911 467 iudicibus,
936 411 971 473 ¹¹)
1014 420 1061 458 et
1092 429 1262 459 nomen
1295 421 1343 459 et
1385 413 1548 459 anulus
1590 415 1648 460 ad
1690 430 1851 460 omnes
1885 431 1967 460 eos
1999 412 2240 475 pervenit,
2286 412 2364 473 qui
2396 411 2523 458 censi

175 484 334 524 essent
364 478 414 525 in
446 493 640 525 numero
674 480 891 542 equitum.
911 482 945 545 ¹)
1009 485 1080 531 Ab
1113 485 1204 531 hoc
1235 491 1447 549 tempore
1481 485 1679 532 formula
1709 485 1791 531 illa
1832 486 2052 533 donare
2094 485 2271 533 anulo
2315 499 2523 541 aureo,

173 549 204 594 i.
238 566 280 595 e.
313 567 457 597 censu
499 554 729 613 equestri,
771 568 859 600 usu
890 564 1079 620 recepta
1110 564 1207 616 est,
1249 558 1381 604 cuius
1413 557 1510 603 vim
1551 557 1740 619 copiose
1783 559 1986 620 explicat
2018 558 2207 615 Cicero,
2224 559 2262 620 ⁸)
2305 556 2526 619 exempla

172 622 296 669 infra
327 625 566 685 complura
597 626 863 674 afferentur.
922 630 1037 676 Cum
1070 632 1208 677 anulo
1241 629 1472 691 equestris
1506 628 1766 692 dignitas,⁹)
1800 630 2027 691 sedesque
2050 630 2099 677 in
2119 630 2231 676 XIV
2251 630 2523 677 coniunctat

174 709 316 741 censu
349 696 519 742 amisso
552 698 691 744 etiam
723 701 886 746 anulus
919 702 1251 764 deponebatur.
1278 702 1334 764 ¹⁰)

378 768 423 814 2.
456 770 854 831 Quemadmodum
886 780 1038 821 autem
1069 776 1280 822 Romana
1311 775 1491 831 civitas,
1524 773 1756 837 principio
1789 789 1892 820 cum
1925 774 2119 821 coloniis
2150 774 2519 836 municipiisque,

171 854 282 885 mox
315 854 418 885 cum
444 841 579 887 Italia
609 844 828 890 universa
859 848 1204 905 communicata,
1236 852 1473 909 postremo
1500 861 1665 907 magno
1692 846 2046 908 provincialium
2082 861 2275 892 numero
2300 848 2406 893 data
2432 852 2518 903 est,

172 910 239 956 sic
264 919 483 971 equester
509 915 638 971 ordo,
667 916 744 976 qui
770 916 901 963 initio
928 919 1250 965 continebatur
1276 920 1406 973 urbe,
1433 934 1521 979 per
1547 920 1704 964 orbem
1733 924 1975 963 terrarum.
1990 925 2139 964 totum
2163 921 2518 980 propagabatur.

170 983 289 1030 Nam
322 985 401 1031 alii
433 986 643 1033 deductis
676 989 869 1035 coloniis
902 1006 1038 1050 agros
1071 999 1368 1051 acceperant,
1398 990 1454 1051 ¹¹)
1496 990 1545 1035 in
1578 990 1744 1049 quibus
1762 991 1917 1036 etiam
1949 990 2140 1050 equites.
2173 1006 2292 1049 equo
2332 982 2525 1050 publico¹

171 1062 325 1115 erant,
354 1056 409 1120 ¹²)
451 1057 531 1105 alii
561 1057 610 1104 in
641 1060 896 1121 provinciis
928 1060 1252 1125 municipiisve
1295 1061 1586 1124 negotiorum
1619 1077 1782 1108 caussa
1813 1054 2057 1120 ⁴vivebant,
2087 1060 2143 1124 13)
2186 1060 2266 1108 alii
2298 1060 2392 1123 ipsi
2423 1059 2519 1107 nati

1429 1244 1566 1289 digitum
1587 1244 1709 1279 laevae
1731 1256 1848 1278 manus
1871 1252 2043 1279 ostentans
2067 1244 2272 1287 affirmaret,
2296 1257 2334 1279 se
2355 1246 2400 1279 ad
2423 1246 2520 1279 satis-

1429 1289 1617 1321 faciendum
1647 1290 1820 1328 omnibus,
1853 1301 1916 1331 per
1939 1302 2022 1331 quos
2054 1291 2249 1332 dignitatem
2280 1302 2374 1329 suam
2404 1290 2520 1322 defen·

172 1243 202 1284 ⁵)
225 1252 257 1274 v.
282 1252 315 1285 p.
342 1242 392 1276 17.

173 1304 200 1336 ⁸)
224 1301 276 1331 Ab
299 1301 392 1332 initio
415 1301 503 1333 enim
525 1301 579 1333 his
602 1303 773 1334 carebant.
818 1302 861 1334 V.
884 1313 918 1345 p.
944 1304 996 1336 13.
1016 1304 1072 1336 25.

175 1357 201 1401 ¹¹)
226 1355 306 1391 Non
346 1356 459 1391 obstat
496 1356 574 1391 hnic
610 1359 797 1393 sententiae
834 1358 965 1393 Plinius
999 1358 1021 1393 l.
1058 1358 1080 1393 l.
1117 1359 1139 1395 6
1176 1359 1204 1405 §.
1241 1360 1303 1395 21:

213 1401 278 1433 Ne
302 1407 381 1432 tum
406 1402 575 1442 quidem
600 1404 695 1443 (belii
718 1403 853 1435 socialis
872 1405 1042 1446 tempore)
1066 1414 1214 1435 omnes
1237 1414 1303 1435 se·

214 1445 395 1476 nator'es
419 1442 896 1489 habueruut,-(anulum)
929 1450 1085 1489 utpote
1107 1456 1197 1479 cum
1221 1455 1303 1478 me-

214 1488 350 1519 moria
373 1498 542 1520 avorum
567 1489 691 1521 multi
714 1489 932 1522 Praetura
991 1500 1134 1531 uoque
1158 1489 1303 1522 functi

213 1530 252 1562 in
277 1529 420 1563 ferreo
444 1532 787 1573 consenuerint,
818 1532 936 1565 sicut
959 1500 1237 1575 Calpurnium
1261 1537 1303 1565 et

212 1573 463 1613 Manilium,
496 1575 566 1616 qui
588 1575 763 1619 legatus
788 1575 880 1608 Caii
902 1575 1033 1608 Marii
1063 1575 1207 1608 fuerat
1237 1575 1303 1608 lu-

242 1615 422 1649 urthino
454 1616 590 1657 bello,
628 1618 885 1651 Fenestella
917 1618 1074 1659 tradit,
1112 1624 1156 1651 et
1179 1618 1302 1651 multi

229 1677 251 1691 A.
277 1659 495 1691 Fufidium
518 1660 654 1700 illum,
688 1662 738 1692 ad
763 1672 883 1702 quem
906 1663 1103 1694 Scaurus
1133 1662 1186 1693 de
1207 1662 1302 1694 vita

212 1712 288 1734 sua
325 1702 526 1745 scripsit3
564 1704 606 1736 in
641 1704 952 1739 Quinctiorum
989 1714 1095 1737 vero
1133 1704 1302 1737 familia

212 1756 357 1777 aurum
380 1757 431 1778 ne
453 1745 640 1779 feminas
663 1747 831 1789 quidem
853 1747 1016 1780 habere
1038 1759 1128 1781 mos
1150 1747 1299 1780 suerit.

210 1787 301 1821 Nam
324 1793 357 1820 et
379 1799 458 1821 rara
480 1795 557 1822 sunt
580 1790 752 1833 exempla,
784 1796 817 1823 et
840 1795 981 1833 propter
1002 1790 1037 1822 id
1058 1791 1184 1833 ipsum,
1208 1790 1299 1833 quod

211 1842 233 1864 a
267 1832 509 1865 consuetudine
540 1834 722 1873 recedunt,
756 1839 932 1873 notantur,
968 1839 1002 1866 et
1032 1844 1109 1866 suas
1144 1843 1298 1875 quaeque

211 1884 349 1906 caussas
380 1874 507 1908 habere
535 1876 701 1909 videntur.
747 1876 795 1910 Ut
826 1876 869 1909 de
899 1876 1063 1911 Quinctiis
1094 1876 1195 1908 tradit
1223 1876 1298 1917 ipse

209 1915 356 1956 Plinius3
386 1917 533 1951 adiicere
554 1918 657 1952 Marii
688 1919 873 1962 exemplum
903 1920 1083 1961 potuisset,
1115 1918 1205 1961 quod
1229 1918 1296 1951 alio

210 1960 288 1992 loco
323 1968 580 2002 commemorat,
617 1964 672 2004 qui
707 1974 773 1995 non
807 1968 883 1994 ante
920 1963 1051 1995 tertium
1088 1962 1295 1994 consulatum

209 2003 343 2035 anulum
366 2014 505 2037 aureum
527 2006 688 2048 sumpsit,
720 2016 787 2037 non
810 2006 881 2038 sine
905 2011 998 2037 certo
1023 2004 1174 2037 consilio.

168 2070 197 2111 ε)
223 2067 297 2100 vm.
320 2067 382 2109 ιιι,
414 2079 443 2101 c.
466 2070 497 2103 2.
520 2080 552 2112 p.
576 2069 628 2103 59.
676 2070 745 2103 cic.
769 2069 863 2102 verr.
885 2071 926 2109 3,
949 2069 1006 2109 80,
1033 2069 1104 2104 iss.
1143 2060 1294 2110 „Saepe

210 2112 316 2144 nostri
335 2111 569 2155 imperatores,
593 2114 761 2157 superatis
776 2112 940 2153 hostibus,
963 2113 1088 2156 optime
1104 2122 1141 2144 re
1161 2112 1294 2155 publica

209 2160 317 2198 gesta,
339 2156 468 2189 scribas
485 2168 565 2189 suos
581 2158 688 2190 anulis
705 2158 816 2190 aureis
832 2157 864 2189 in
884 2157 1047 2189 concione
1067 2156 1292 2193 donaverunt3

209 2204 244 2230 tu
268 2209 351 2230 vero
375 2199 493 2241 quibus
516 2200 617 2232 rebus
640 2202 762 2244 gestis,
793 2210 861 2242 quo
886 2200 983 2231 hoste
1007 2204 1185 2242 superato,
1216 2209 1293 2229 con-

208 2242 339 2274 cionem
369 2242 518 2276 donandi
549 2253 670 2277 caussa
691 2244 861 2277 advocare
883 2247 1023 2276 conatus
1046 2243 1107 2276 es‘!
1133 2259 1178 2266 —
1223 2241 1293 2275 187.

208 2284 319 2317 Anulo
342 2296 449 2318 aureo
473 2287 585 2319 scriba
607 2293 658 2320 est
682 2287 836 2326 donatus,
862 2291 895 2319 et
917 2286 962 2319 ad
985 2297 1057 2319 eam
1081 2285 1294 2318 donationem

209 2328 327 2360 concio
359 2334 411 2361 est
440 2329 619 2363 advocata.
673 2330 775 2366 Quod
806 2334 879 2362 erat
911 2340 951 2362 os
975 2334 1085 2369 tuum,
1119 2339 1218 2371 quum
1248 2328 1294 2360 vi-

208 2371 312 2404 debas
340 2371 373 2404 in
404 2373 568 2406 concione
592 2384 651 2407 eos
674 2373 847 2413 immines,
883 2382 1061 2415 quorum
1093 2382 1141 2405 ex
1170 2371 1295 2404 bonis

207 2415 366 2447 anulus
390 2427 549 2448 aureus
571 2417 843 2456 donabatur,
870 2417 924 2457 qui
947 2416 1011 2459 ipsi
1034 2416 1153 2448 anulos
1175 2425 1296 2447 aureos

207 2464 408 2501 posuerant,
438 2458 620 2502 liberisque
643 2460 711 2492 suis
743 2460 978 2499 detraxerant,
1011 2464 1045 2490 ut
1068 2463 1176 2498 esset,
1211 2457 1296 2489 unde

208 2502 319 2534 scriba
349 2507 425 2535 tuus
455 2502 522 2536 hoc
553 2508 643 2536 tuum
673 2514 790 2536 munus
821 2513 862 2535 ac
892 2500 1093 2535 beneficium
1123 2500 1295 2534 tueretur?

208 2545 308 2579 Quae
330 2555 434 2586 porro
456 2546 621 2586 praefatio
645 2551 720 2578 tuae
748 2545 939 2577 donationis
963 2545 1044 2577 fuit?
1089 2544 1150 2576 lila
1171 2543 1297 2576 scilicet

206 2592 305 2620 vetus
327 2591 429 2629 atque
450 2587 694 2631 imperatoria?
729 2587 876 2624 Quando
893 2592 928 2621 tu
944 2587 1078 2631 quidem
1097 2587 1131 2620 in
1154 2585 1295 2629 proelio,

206 2630 238 2662 in
256 2630 356 2668 bello,
381 2631 414 2662 in
429 2642 466 2663 re
489 2631 640 2664 militari:
665 2632 757 2663 cuius
773 2642 816 2663 ne
838 2631 964 2662 mentio
987 2631 1121 2673 quidem
1144 2636 1178 2662 te
1200 2640 1296 2671 prae-

206 2678 281 2706 tore
305 2672 372 2705 ulla
394 2672 485 2706 sacta
509 2679 572 2706 est.
596 2693 637 2698 —
684 2673 732 2706 lta
755 2672 897 2706 eundem
923 2673 1059 2706 anulum
1082 2673 1125 2706 ab
1148 2672 1214 2706 alio
1237 2671 1295 2704 da-

205 2722 295 2757 tum,
325 2722 444 2749 testem
467 2718 600 2749 virtutis
632 2717 849 2749 duceremus:
879 2717 940 2749 abs
964 2722 998 2748 te
1029 2717 1207 2756 donatum,
1238 2726 1293 2747 co·

204 2760 317 2792 mitem
341 2761 503 2802 pecuniae
525 2760 708 2792 iudicamus
718 2763 752 2791 “.
799 2759 840 2791 cs.
862 2761 901 2798 2,
933 2759 961 2791 l.
985 2764 1070 2791 extr.
1115 2759 1157 2799 2,
1179 2759 1219 2799 2,
1245 2758 1293 2790 11,

204 2804 234 2839 2.
258 2805 291 2844 3,
316 2805 367 2838 76.
400 2804 538 2837 Sueton.
563 2802 660 2837 Caes.
684 2802 737 2836 33.
774 2801 1016 2843 „Existimetur
1038 2802 1139 2836 etiam
1163 2812 1293 2845 eque-

203 2852 313 2879 stres
337 2858 495 2880 census
520 2847 686 2889 pollicitus
700 2847 856 2889 siugulis:
881 2846 971 2888 quod
991 2846 1114 2878 accidit
1137 2847 1293 2888 opinione

203 2888 297 2923 falsa.
332 2889 433 2932 Nam,
457 2901 557 2936 quum
573 2890 607 2924 in
628 2889 831 2933 alloquendo
856 2888 1136 2933 exhortandoque
1159 2888 1293 2933 saepius

1429 1340 1526 1363 surus
1549 1336 1657 1371 esset,
1688 1331 1822 1363 anulum
1845 1341 1980 1374 quoqne
2009 1342 2118 1373 aequo
2147 1332 2259 1363 animo
2290 1332 2519 1364 detracturum

1430 1374 1511 1413 sibi3
1545 1380 1697 1407 extrema
1720 1375 1858 1415 concio,
1892 1376 1944 1407 cui
1970 1374 2097 1408 facilius
2119 1380 2211 1415 erat,
2242 1376 2359 1409 videre
2382 1375 2518 1408 concio·

1429 1423 1585 1456 nantem,
1608 1428 1705 1457 quam
1730 1417 1857 1455 audire,
1880 1428 1942 1458 pro
1968 1418 2059 1449 dicto
2081 1418 2231 1458 accepit,
2254 1418 2344 1459 quod
2367 1419 2441 1449 visu
2466 1428 2519 1449 su-

1429 1460 1641 1503 spicabatur:
1672 1460 1939 1503 promissumque
1969 1460 2035 1494 ius
2057 1459 2285 1493 anulorum
2308 1471 2398 1493 cum
2426 1459 2519 1493 mil·

1429 1504 1543 1535 libus
1564 1503 1887 1546 quadringenis,
1909 1503 1997 1535 fama
2014 1503 2177 1535 distulit2‘.
2190 1503 2234 1535 ib.
2247 1504 2306 1537 39:
2320 1504 2521 1542 „Laberiutg

1429 1544 1619 1579 donatus
1642 1546 1897 1589 quingentis
1920 1545 2149 1578 sestertiis
2173 1551 2215 1579 et
2238 1546 2368 1579 anulo
2391 1556 2521 1579 aureo

1428 1601 1558 1622 sessum
1575 1590 1607 1622 in
1619 1590 1885 1631 quattuordecim
1902 1600 1921 1622 e
1936 1600 2038 1622 scena
2053 1599 2113 1632 per
2129 1588 2339 1622 orchestram
2356 1590 2522 1622 transiit.“

1429 1632 1533 1667 Ovid.
1556 1634 1671 1666 Amor.
1694 1633 1727 1673 3,
1750 1632 1782 1670 8,
1806 1634 1837 1666 9.

1470 1676 1564 1708 Ecce
1588 1686 1742 1708 recens
1765 1676 1891 1708 dives
1914 1681 2043 1717 parto
2066 1677 2141 1717 pe'r
2162 1675 2348 1707 vulnera
2370 1685 2500 1707 censu

1513 1718 1711 1752 Praefertur
1732 1719 1829 1752 nobis
1852 1717 2011 1761 sanguine
2034 1717 2142 1751 sactus
2166 1728 2280 1761 eques.

1426 1761 1497 1795 Per
1518 1763 1752 1804 imperatorem
1772 1762 1933 1804 imprimis
1953 1766 2093 1803 propter
2113 1761 2265 1793 bellicam
2288 1762 2443 1793 virtutem
2463 1761 2521 1792 do-

1425 1810 1537 1837 natum
1561 1815 1639 1838 esse
1661 1805 1795 1838 anulum
1818 1810 1851 1837 et
1875 1804 1959 1836 haec
1983 1804 2126 1843 docent,
2156 1809 2188 1844 et
2212 1814 2266 1841 ea,
2289 1814 2375 1845 quae
2398 1804 2453 1835 lib.
2477 1802 2522 1835 ΙΙΙ

1425 1858 1453 1879 c.
1471 1847 1492 1878 2
1514 1848 1542 1891 ξ.
1561 1850 1582 1881 2
1605 1854 1673 1879 not.
1695 1850 1736 1881 76
1756 1848 1862 1880 attuli.
1903 1847 1955 1879 De
1976 1848 2165 1889 posteriore
2184 1853 2341 1888 tempore
2360 1846 2399 1878 cs.
2412 1845 2520 1878 Orell.

1423 1889 1683 1924 {menn-3049.
1729 1890 1769 1922 L.
1791 1891 1986 1922 Asconio
2013 1909 2049 1913 —
2075 1901 2094 1921 a
2120 1890 2236 1922 Divo
2257 1890 2447 1921 Traiano
2470 1899 2519 1920 ex

1424 1932 1584 1965 militia
1620 1934 1659 1965 in
1695 1939 1941 1975 equestrem
1978 1933 2243 1974 dignitatem
2283 1932 2517 1964 translato.

1420 1985 1453 2007 n.
1475 1977 1573 2009 3048.
1612 1976 1650 2007 Τ.
1676 1976 1858 2010 Auridio
1885 1977 1923 2007 Ι).
1940 1975 1975 2007 F.
1999 1975 2265 2016 Nicephoro
2288 1975 2517 2016 primipilo

1419 2017 1500 2060 leg.
1525 2017 1564 2050 ΙΙ.
1589 2018 1731 2050 Adiut.
1756 2018 1794 2050 in
1820 2018 1938 2050 bello
1962 2023 2116 2049 contra
2140 2017 2287 2049 Dacos
2320 2018 2369 2049 ab
2401 2017 2517 2049 invi·

1418 2061 1615 2094 ctissimo
1636 2061 1726 2103 imp.
1745 2066 1895 2093 nostro
1911 2061 2098 2093 Traiano
2117 2060 2319 2092 feliciter
2336 2065 2517 2102 patrato

1418 2104 1645 2137 castrensi
1668 2114 1833 2136 corona
1857 2104 2018 2136 donato
2042 2103 2146 2135 etin
2168 2103 2361 2135 ordinem
2384 2102 2508 2145 equit

1416 2147 1529 2180 Rom.
1552 2147 1739 2180 adscito.

1376 2202 1405 2243 θ)
1429 2200 1571 2233 Praeter
1593 2211 1650 2240 ea,
1673 2210 1759 2243 quae
1783 2210 1814 2231 n.
1837 2199 1859 2231 8
1880 2199 2036 2238 laudavi,
2065 2209 2098 2231 v.
2122 2200 2218 2231 Suet.
2242 2199 2312 2231 Vit.
2340 2199 2389 2233 12.
2437 2200 2520 2239 „Ac

1418 2244 1525 2286 primo
1548 2244 1676 2285 imperii
1700 2243 1754 2275 die
1778 2243 1889 2275 aureis
1917 2242 2058 2275 donavit
2088 2242 2198 2275 anulis
2230 2252 2334 2284 super
2365 2253 2519 2283 coenam,

1419 2297 1519 2329 quum
1542 2297 1661 2327 mane,
1688 2287 1883 2329 rogantibus
1906 2296 1969 2328 pro
1995 2296 2037 2317 eo
2060 2286 2190 2318 cunctis
2214 2285 2405 2320 detestatus
2428 2291 2520 2318 esset

1418 2330 1631 2363 severissime
1665 2330 1766 2362 talem
1797 2329 1963 2372 equestris
1997 2328 2126 2361 ordinis
2156 2329 2322 2361 maculam
2333 2333 2367 2362 “.
2425 2329 2520 2362 llaec

1419 2374 1519 2406 etiam
1542 2372 1628 2405 Plin.
1652 2373 1674 2405 l.
1699 2373 1720 2405 l.
1743 2383 1772 2404 c.
1797 2372 1827 2404 7.

1382 2427 1425 2469 ¹⁰)
1449 2427 1537 2459 Plin.
1561 2427 1602 2459 fl.
1625 2426 1669 2458 N.
1693 2428 1755 2464 33,
1787 2427 1840 2458 54.
1887 2425 2073 2464 „Vidimus
2106 2431 2140 2457 et
2169 2426 2234 2466 ipsi
2269 2425 2427 2457 Arellium
2458 2425 2520 2457 Fu-

1421 2479 1525 2508 scum,
1549 2474 1673 2501 motum
1698 2467 1846 2510 equestri
1870 2468 1991 2500 ordine
2014 2468 2058 2500 ob
2079 2468 2242 2510 insignem
2264 2468 2464 2500 calumniam
2479 2486 2515 2491 —

1421 2523 1463 2545 ex
1487 2517 1627 2552 arf-'ento
1649 2512 1770 2544 anulos
1793 2511 2010 2544 habentem“.
2057 2511 2099 2543 cf.
2125 2511 2241 2544 luven.
2269 2511 2325 2550 ll,
2359 2510 2410 2542 ⁴2.
2512 2513 2523 2522 “

1507 2538 1644 2586 ΊῖιΙὶὺιιε
1666 2566 1687 2587 a
1711 2554 1856 2586 dominis
1879 2559 1958 2596 post
1981 2559 2103 2596 cuncta
2127 2555 2329 2586 novissimus
2352 2554 2422 2584 exit

1506 2597 1656 2638 Anulus,
1688 2603 1722 2630 et
1745 2596 1851 2641 digito
1875 2596 2044 2630 mendicat
2067 2596 2182 2631 Pollio
2204 2596 2304 2629 nudo.

1382 2652 1423 2693 ιι)
1446 2651 1523 2683 Liv.
1547 2653 1602 2691 37,
1626 2653 1681 2691 57,
1706 2654 1735 2685 7.
1781 2651 1835 2691 34,
1859 2650 1910 2683 42.
1955 2651 2011 2691 35,
2033 2651 2069 2691 9,
2094 2654 2124 2685 7.
2170 2653 2224 2690 40,
2246 2652 2300 2690 34,
2324 2651 2355 2683 2.

1380 2705 1422 2746 ¹²)
1447 2703 1517 2736 Cic.
1540 2703 1630 2737 Phil.
1651 2704 1692 2745 6,
1724 2706 1755 2737 5.
1801 2703 1911 2738 Etiam
1936 2704 1980 2737 de
2002 2716 2050 2737 or.
2075 2704 2117 2745 2,
2140 2706 2200 2744 71,
2228 2702 2290 2738 287
2314 2702 2403 2735 idem
2427 2713 2519 2735 com·

1418 2752 1581 2779 memorat
1612 2747 1653 2779 M
1692 2748 1873 2779 Antistium
1903 2748 2113 2790 Pyrgensem
2145 2758 2186 2779 ex
2217 2747 2341 2789 Pyrgis
2372 2746 2519 2786 colonia,

1418 2790 1563 2833 equitem
1586 2790 1776 2824 Romanum
1801 2802 1889 2835 equo
1912 2791 2059 2834 publico,

1380 2847 1421 2886 ¹³)
1444 2844 1556 2878 Notus
1579 2850 1631 2876 est
1656 2844 1831 2877 Ciceronis
1853 2846 1981 2877 amicus
2012 2851 2044 2876 et
2069 2843 2251 2876 Brundusii
2280 2843 2407 2885 hospes
2431 2843 2517 2875 Lae·

1418 2888 1492 2921 nius
1515 2886 1680 2929 Flaccus,
1712 2888 1756 2921 de
1780 2898 1847 2932 quo
1870 2899 1903 2922 v.
1931 2888 2036 2921 Varro
2068 2886 2111 2919 de
2142 2896 2179 2919 re
2208 2891 2290 2920 rust.
2313 2887 2345 2927 3,
2368 2887 2399 2919 5.
2446 2885 2514 2919 Cic.
