2720 3402
136 111 235 172 '42

140 262 220 323 qui
252 263 432 310 iudices
474 276 611 322 quum
653 258 785 305 initio
830 273 991 305 omnes
1024 259 1221 306 tabellas
1253 259 1304 306 in
1336 274 1474 305 unam
1507 256 1668 303 cistam
1701 255 2037 326 coniecissent,
2085 261 2253 318 postea
2284 256 2333 302 id
2366 272 2406 302 a.
2439 254 2505 300 60

138 336 246 396 lege
269 334 409 380 Fufia
425 333 486 394 ³⁶)
518 336 738 377 mutatum
765 335 853 385 est,
887 345 948 376 ex
973 345 1063 391 qua
1096 330 1294 392 singulis
1327 329 1496 392 singuli
1530 323 1718 375 ordines
1751 327 1883 374 cistis
1917 326 2173 374 sententias
2204 325 2502 388 ferebanffl')

141 407 248 452 Non
281 405 434 452 minus
465 405 549 449 hos
592 401 773 448 iudices
807 417 945 462 quam
976 402 1199 450 Sullanos
1232 405 1424 451 venales
1457 400 1629 458 fuisse,
1670 415 1731 448 ne
1762 400 1909 448 multa
1940 399 2157 457 afferam,
2192 405 2242 446 et
2274 398 2503 448 Catilinae

141 486 190 523 et
221 485 437 539 quattuor
467 490 613 520 annos
646 481 756 536 post
788 474 943 520 Clodii
977 490 1143 522 caussa
1175 476 1356 534 docuit,
1391 488 1585 537 quorum
1616 473 1698 519 ille
1731 487 1871 534 quum
1904 488 1945 519 a.
1978 472 2042 518 6⁵
2075 488 2102 519 a
2123 472 2191 518 P.
2225 471 2391 519 Clodio
2423 487 2501 520 re-

143 551 448 613 petundarum
480 562 543 592 ex
569 547 731 592 Africa
763 554 1007 593 accusatus
1041 554 1186 606 esset,
1219 547 1448 612 corruptis
1482 561 1509 592 a
1533 546 1737 593 Lentulo
1769 545 1893 593 Sura
1922 543 2153 593 iudicibus
2169 543 2505 618 ⁸⁸)“absolutus

145 631 241 669 est:
260 623 318 681 ³⁹)
360 622 409 666 in
440 620 578 665 huius
612 634 779 665 caussa
811 636 1061 666 consessus
1095 622 1208 677 suit,
1251 628 1303 667 ut
1335 622 1498 667 Cicero
1531 619 1668 674 dicit,
1710 619 2052 664 maculosorum
2084 621 2376 675 senatorum,
2416 631 2505 664 nu-

144 697 305 742 dorum
338 690 569 753 equitum,
602 691 923 748 tribunorum,
956 708 1051 738 non
1076 700 1171 739 tam
1203 701 1485 748 aeratorum,
1518 707 1676 751 quam,
1710 698 1763 736 ut
1795 692 2104 754 appellantur,
2137 689 2506 751 aerariorum.⁴⁰)

144 768 318 812 Verum
352 764 521 810 effecta
553 764 642 810 hac
666 764 774 826 lege
802 764 1003 811 duorum
1031 764 1080 811 in
1111 764 1369 827 reipublica
1400 762 1828 826 potentissimorum
1861 762 2076 809 ordinum
2102 768 2205 825 erat
2229 761 2508 818 coniunctio,

144 840 190 884 in
232 852 380 897 eaque
423 852 654 882 summum
696 836 836 883 huius
878 835 998 897 legis
1031 843 1313 883 momentum
1348 852 1454 882 esse
1495 835 1553 881 iis
1587 834 1891 897 scriptoribus
1934 841 2063 881 recte
2089 833 2258 880 'visum
2290 839 2387 890 est,
2430 834 2510 895 qui

149 909 322 957 omissa
362 908 659 955 tribunorum
691 908 928 956 mentione
961 923 1065 955 cum
1100 908 1333 970 equitibus
1375 910 1462 956 hac
1502 909 1606 971 lege
1648 908 1800 955 denuo
1837 907 2171 956 communicata
2202 924 2309 955 esse
2339 907 2511 955 iudicia

190 1066 292 1098 lertia
313 1064 510 1107 Madvigius
533 1066 566 1096 in
602 1065 682 1096 diss.
707 1063 750 1095 de
771 1062 912 1095 tribunis
942 1063 1097 1095 aerariis.
1142 1062 1297 1097 Havniae

194 1108 289 1140 1838.
335 1106 469 1139 Tribuni
494 1108 617 1139 aerarii
647 1106 798 1137 ordinem
826 1105 1032 1138 efficiebant.
1080 1106 1229 1148 (Ascon.
1252 1106 1297 1139 ad

186 1162 243 1189 ,οι·.
278 1150 380 1185 Corn.
412 1161 444 1192 p.
476 1149 518 1181 67
542 1148 604 1182 Or.
651 1148 905 1181 Pseudo-Sall.
939 1148 983 1180 de
1006 1148 1083 1181 ord.
1108 1160 1181 1190 rep.
1206 1161 1235 1182 c.
1259 1150 1296 1191 3)

192 1198 358 1234 erantque
381 1202 401 1224 e
424 1192 524 1234 plebe
548 1192 645 1233 (Dio.
671 1191 725 1230 43,
748 1190 819 1233 25).
861 1191 963 1225 Quod
990 1196 1104 1224 autem
1129 1192 1217 1224 Cato
1241 1194 1314 1235 ap?

193 1236 281 1270 Gen.
312 1236 352 1276 7,
386 1235 436 1269 10.
482 1234 593 1268 Varro
625 1234 669 1268 de
700 1234 723 1267 l.
754 1234 776 1267 1.
806 1234 826 1267 5
858 1246 891 1277 p.
917 1233 980 1267 180
1002 1235 1063 1277 Sp.
1109 1234 1232 1268 Festus
1262 1245 1297 1268 v.

191 1279 382 1317 aerarii,
416 1278 561 1319 denique
586 1277 872 1309 l'seudo-Ascon
907 1277 951 1309 ad
975 1277 1075 1309 Verr.
1102 1277 1138 1316 l,
1170 1278 1230 1317 13,
1253 1278 1296 1309 34

191 1322 361 1362 scribunt,
393 1320 549 1354 homines
581 1319 746 1364 quosdam
778 1319 842 1354 bos
866 1319 986 1362 fnisse,
1038 1320 1070 1354 ui
1093 1320 1297 1365 stipendium

192 1366 287 1398 militi
310 1365 553 1403 dissolverent,
578 1370 612 1396 et
636 1365 811 1407 pecuniam
853 1365 995 1396 ublicam
1011 1376 1030 1396 a
1046 1366 1123 1406 iqua
1140 1376 1181 1396 ex
1199 1371 1297 1407 parte

191 1412 400 1448 tractarent,
434 1407 469 1440 id
491 1407 536 1440 ad
559 1406 646 1448 hos,
678 1407 797 1451 quibus
821 1376 922 1441 gotta
944 1407 1143 1441 iudiciorum
1167 1413 1297 1452 partem

194 1451 346 1491 tradidit,
369 1452 544 1493 pertinere
568 1463 635 1483 non
660 1462 777 1493 posse,
801 1452 865 1483 iam
887 1457 966 1483 ante
988 1451 1200 1494 Madvigium
1224 1463 1256 1493 p.
1276 1452 1299 1483 9

194 1499 356 1527 accurate
385 1494 701 1533 demonstraverat,
735 1503 834 1536 quem
856 1494 912 1525 ille
943 1494 1105 1537 neglexit,
1128 1494 1298 1527 Ferratius

196 1538 241 1570 ad
264 1536 363 1570 Verr.
396 1536 437 1577 2,
471 1536 509 1577 1,
542 1537 590 1570 13.
645 1536 736 1570 Nam
768 1542 801 1569 et
830 1538 995 1570 aerarium
1026 1538 1071 1570 ad
1101 1543 1299 1579 quaestores

199 1581 410 1624 pertinebat,
444 1591 554 1622 neque
578 1580 788 1613 tribunorum
821 1591 964 1623 unquam
987 1580 1072 1614 haec
1096 1580 1300 1614 dividendae

197 1625 360 1667 pecuniae
383 1635 490 1665 opera
509 1629 806 1663 commemoratur,
830 1629 863 1656 et
884 1624 1100 1666 magistratus
1121 1625 1230 1657 omnis
1252 1625 1299 1656 iu—

198 1667 331 1701 dicandi
364 1667 579 1699 vacationem
597 1667 792 1699 habebant.
839 1666 993 1709 Denique
1024 1678 1067 1699 ex
1096 1667 1172 1710 iege
1200 1668 1301 1699 Poin-

197 1711 294 1753 peia,
318 1710 362 1742 de
386 1721 452 1750 qua
475 1709 561 1741 infra
585 1710 714 1749 dicam,
739 1710 862 1742 tribuni
885 1711 1026 1749 aerarii,
1056 1716 1090 1742 ut
1113 1721 1232 1742 omnes
1256 1712 1302 1741 iu-

196 1754 303 1791 dices,
326 1752 534 1794 amplissimo
558 1763 600 1784 ex
628 1763 732 1785 censu
756 1763 799 1785 ex
823 1753 982 1785 centuriis
1004 1752 1214 1796 legebantur.
1260 1752 1304 1785 Et

197 1803 326 1829 certum
351 1796 502 1827 ordinem
528 1807 632 1827 ceusu
655 1796 699 1828 ab
732 1796 871 1837 reliquis
903 1802 1095 1837 separatum
1117 1796 1222 1828 fuisse
1245 1797 1304 1827 tri-

1414 1074 1487 1097 rum
1511 1074 1593 1096 urna
1609 1063 1796 1103 damnaret,
1820 1064 1968 1105 equitum
1990 1069 2025 1096 et
2046 1063 2255 1095 tribunorum
2274 1063 2506 1096 absolveret“.

1416 1106 1458 1139 ct.
1482 1106 1526 1139 de
1549 1117 1670 1139 caussa
1692 1108 1772 1139 Sex.
1797 1105 1926 1147 Clodii,
1954 1111 2030 1139 acta
2051 1117 2083 1139 a.
2105 1105 2161 1148 56,
2185 1105 2254 1139 Cic.
2278 1105 2322 1139 ad
2346 1105 2389 1143 Q.
2415 1105 2510 1139 i'ratr.

1414 1150 1448 1190 2,
1471 1150 1504 1189 6,
1528 1150 1560 1182 6.
1595 1150 1867 1182 Senatorum
1890 1150 2000 1181 enim
2024 1160 2131 1181 itrna
2154 1150 2340 1192 copiose
2361 1149 2510 1181 absol·

1415 1192 1496 1232 vit,
1521 1192 1710 1234 equitum
1733 1192 2016 1235 adaequavit,
2039 1192 2202 1226 tribuni
2223 1192 2388 1226 aerarii
2410 1201 2511 1225 con·

1414 1236 1698 1274 demunt-unt:
1744 1236 1787 1268 de
1820 1237 1940 1268 Scauri
1974 1246 2112 1275 caussa,
2146 1242 2223 1267 acta
2255 1236 2377 1268 eodem
2410 1246 2512 1274 anno,

1414 1278 1541 1309 Ascon.
1600 1303 1609 1312 .
1644 1277 1689 1310 ³0
1722 1275 1787 1310 Or.
1854 1278 2114 1310 Sententias
2147 1278 2352 1311 tulerunt
2387 1288 2512 1310 sena·

1414 1326 1540 1354 tores
1563 1288 1646 1354 dim
1670 1325 1711 1354 et
1732 1319 1819 1362 XX,
1849 1322 2026 1365 equites
2049 1327 2141 1355 tres
2163 1328 2206 1356 et
2229 1322 2314 1361 XX,
2348 1322 2513 1355 tribuni

1414 1365 1587 1395 aerarii
1618 1364 1729 1403 XXV,
1760 1375 1810 1396 ex
1841 1375 1851 1395 ι
1872 1365 1996 1396 uibus
2028 1364 2356 1397 damnaverunt
2385 1375 2513 1397 seua·

1414 1412 1542 1440 tores
1567 1406 1624 1448 W,
1648 1408 1824 1450 equites
1848 1376 1897 1448 ii,
1919 1407 2088 1442 tribuni
2111 1407 2151 1442 11.
2185 1407 2255 1442 Cic.
2278 1407 2323 1442 ad
2346 1406 2390 1444 Q.
2415 1407 2456 1441 t'r.
2479 1406 2513 1448 2,

1418 1451 1472 1489 16,
1496 1451 1516 1482 3
1540 1452 1598 1491 (ex
1622 1461 1711 1483 anno
1735 1452 1806 1492 5⁴).
1853 1451 1949 1486 Quo
1973 1451 2041 1483 die
2065 1451 2173 1483 baec
2196 1452 2381 1493 scripsi,
2404 1451 2511 1483 Dru-

1415 1503 1489 1526 sus
1512 1498 1610 1526 erat
1634 1493 1685 1526 de
1709 1494 2106 1536 praevaricatione
2129 1505 2150 1527 a
2172 1494 2366 1528 tribunis
2387 1504 2512 1527 aera-

1417 1537 1498 1570 riis
1528 1537 1787 1577 absolutus,
1823 1538 1864 1570 iu
1899 1549 2058 1571 summa
2091 1543 2306 1580 quattuor
2337 1544 2513 1571 senteu-

1418 1581 1511 1619 tiis,
1543 1590 1666 1622 quum
1690 1585 1924 1614 senatores
1946 1586 1987 1614 et
2010 1581 2185 1624 equites
2215 1575 2514 1622 damnassem,

1419 1624 1462 1655 de
1485 1634 1604 1655 caussa
1626 1623 1784 1663 Milonis,
1808 1635 1838 1656 a.
1862 1624 1906 1656 52
1926 1630 2016 1664 aeta,
2039 1625 2164 1657 Ascon.
2189 1636 2221 1668 p.
2234 1625 2277 1657 53
2299 1623 2363 1659 Or.
2407 1625 2513 1657 Per·

1419 1672 1518 1698 acta
1553 1668 1762 1708 utrinque
1800 1678 1958 1700 caussa
1992 1668 2156 1710 singuli
2194 1669 2351 1709 quinos
2387 1677 2515 1700 acc‘n·

1421 1715 1545 1740 sator
1577 1715 1617 1740 et
1651 1719 1752 1741 reus
1776 1715 2028 1750 senatores,
2058 1710 2246 1742 totidem
2269 1710 2443 1752 equites
2473 1716 2517 1742 et

1423 1752 1621 1784 tribunos
1655 1753 1856 1785 aerarios
1880 1753 2153 1794 reiecerunt,
2182 1754 2242 1786 ita
2265 1759 2306 1786 ut
2338 1762 2446 1787 riuus
2476 1759 2517 1786 et

1424 1794 1453 1826 L
1487 1796 1742 1826 sententias
1777 1795 1979 1827 tulerint.
2034 1798 2285 1828 Senatores
2317 1797 2517 1829 condem-

197 1839 308 1871 buuos
330 1839 495 1877 aerarios,
520 1839 627 1870 tribus
650 1838 734 1871 iocis
755 1838 856 1870 docet
871 1837 1006 1878 Cicero,
1031 1838 1104 1871 Cat.
1120 1838 1176 1878 lv,
1196 1839 1228 1878 7,
1254 1838 1305 1876 15,

196 1883 252 1914 ubi
276 1882 309 1914 in
333 1882 588 1914 enumeratione
611 1881 765 1914 ordinum
788 1882 956 1923 equitibus
970 1881 1131 1914 Romanis
1152 1883 1306 1924 proxime

197 1925 329 1956 subiicit
354 1924 693 1956 tribunosaerarios:
719 1935 782 1965 pru
800 1924 913 1955 Rabir.
934 1924 1035 1963 9:27,
1060 1925 1115 1956 nbi
1140 1924 1305 1964 ,‚Q,uid,

198 1967 324 2009 inquit,
356 1966 406 1999 de
437 1966 531 1998 iliis
562 1965 899 2000 honestissimis
930 1967 1043 1999 viris
1072 1973 1202 2010 atque
1233 1978 1304 2010 op·

199 2011 318 2042 timis
349 2010 540 2049 civibus,
572 2011 798 2052 equitibus
830 2010 1054 2049 Romanis,
1091 2011 1305 2049 dicemus,

198 2055 269 2095 qui
294 2059 376 2085 tum
401 2055 462 2095 (sc.
479 2064 579 2095 quum
599 2053 799 2085 Saturninus
823 2053 1089 2096 interficeretur)
1115 2064 1193 2086 una
1217 2065 1234 2085 ι·
1245 2064 1263 2085 ιι
1275 2064 1306 2086 ιιι

201 2103 355 2128 senatu
411 2094 603 2129 salutem
657 2097 935 2139 reipublicae
982 2098 1307 2130 defenderunt?

203 2140 305 2180 quid
337 2140 386 2171 de
416 2140 615 2172 tribunis
646 2140 841 2172 aerariis
873 2146 1215 2182 ceterorumque
1239 2150 1306 2172 or-

205 2183 347 2215 dinum
371 2183 555 2216 omnium
579 2183 859 2223 hominibus,·
887 2185 959 2225 qni
983 2190 1066 2217 tum
1090 2195 1205 2216 arma
1228 2195 1306 2226 pro

205 2226 412 2257 communi
437 2226 650 2258 libertate
673 2228 939 2268 coeperunnt-⁶
966 2227 1111 2269 denique
1124 2238 1175 2269 pr.
1190 2226 1306 2262 Plane.

203 2269 244 2307 8,
269 2267 330 2306 21,
355 2278 421 2309 quo
446 2268 523 2301 loeo
547 2274 678 2301 constat
701 2270 803 2302 etiam
825 2270 859 2302 in
882 2271 1070 2313 numicipiis
1093 2276 1127 2302 et
1153 2269 1305 2313 praefec-

205 2311 289 2342 turis
313 2310 371 2342 iilo
396 2316 561 2352 tempore,
587 2317 621 2342 ut
645 2311 780 2353 equites'
791 2312 978 2352 Romanos,
1002 2314 1050 2346 sic
1074 2314 1227 2346 tribunos
1250 2324 1306 2345 ae-

206 2354 318 2386 rarios
349 2364 369 2385 a
400 2353 527 2395 reliqua
559 2354 657 2396 plebe
692 2360 849 2397 tanquam
882 2356 1097 2389 honestiores
1127 2362 1307 2399 separmos

204 2397 320 2429 fuisse.
356 2395 521 2428 Tribunos
537 2403 649 2428 autem
668 2398 821 2429 aerarios
840 2405 967 2432 certum
987 2400 1153 2442 quendam
1171 2410 1309 2432 censum

205 2439 384 2478 babuisse,
410 2444 442 2469 ut
467 2445 643 2472 senatores
664 2446 697 2472 et
719 2441 860 2482 equites,
884 2453 949 2475 non
971 2443 1080 2475 dubiis
1102 2443 1309 2485 argumentis

204 2484 305 2514 evicit
339 2481 460 2514 Madv.
494 2492 526 2523 p.
563 2482 612 2513 12.
668 2482 850 2517 Quomodo
882 2490 993 2517 autem
1027 2490 1122 2517 ortus
1158 2486 1186 2517 is
1221 2485 1309 2517 ordo

204 2526 304 2558 suerit
337 2529 371 2558 et
404 2524 578 2566 quomodo
609 2524 652 2558 ad
679 2536 757 2558 eum
788 2526 975 2568 pertineant
1007 2527 1145 2562 Catonis
1176 2534 1308 2562 cetero-

205 2579 366 2611 rumque,
393 2579 480 2610 quae
504 2578 608 2610 supra
629 2569 746 2609 attuli,
771 2570 982 2611 testimonia,
1006 2571 1100 2614 legas
1122 2582 1176 2615 ap.
1201 2573 1309 2616 ipsum

203 2612 323 2645 Madv.
349 2623 380 2654 p.
410 2611 449 2643 15
473 2622 547 2654 sqq.

163 2678 208 2717 ιο)
234 2676 300 2708 1)ἰο
333 2676 397 2715 38,
427 2675 469 2715 8,
505 2674 549 2706 de
574 2684 642 2717 quo
666 2674 687 2706 Ι.
711 2684 744 2707 v.
770 2681 890 2709 contra
912 2676 1103 2711 walterum
1127 2678 1250 2713 Gescb.
1275 2679 1309 2713 d.

205 2718 247 2752 R.
271 2719 310 2752 R.
344 2720 573 2762 disputantem
612 2717 787 2752 Baiternm
822 2722 854 2753 in
887 2721 951 2753 ind.
975 2722 1039 2764 leg.
1065 2734 1096 2765 p.
1124 2724 1194 2756 17⁸.
1230 2735 1308 2767 pro-

205 2762 305 2793 bante
327 2762 445 2794 Madv.
470 2773 502 2804 p.
531 2761 572 2793 18
595 2772 627 2795 u.
651 2761 705 2793 ⁵28.

164 2828 210 2868 ³²)
235 2826 361 2858 Ast-on.
386 2827 417 2858 in
441 2837 491 2860 or.
517 2827 549 2859 in
575 2831 643 2869 tog.
670 2826 803 2859 candid.
829 2837 862 2869 p.
885 2827 930 2859 9⁰
952 2825 1032 2860 On:
1056 2814 1077 2868 ,,
1088 2828 1229 2861 Catilina
1253 2830 1310 2872 (in

205 2869 274 2903 iud.
299 2870 477 2912 repetund.
500 2881 530 2903 a.
558 2869 626 2913 65)
659 2868 709 2903 lta
731 2869 894 2904 liberatus
918 2876 987 2911 est,
1020 2876 1053 2903 ut
1078 2883 1151 2905 eum
1176 2879 1307 2906 senato-

1423 1842 1639 1869 naverunt
1663 1836 1744 1877 ΧΙΙ,
1777 1838 2081 1871 absolverunt
2104 1837 2160 1871 Vl.
2205 1837 2236 1872 E
2277 1839 2391 1872 uites
2415 1850 2517 1872 con-

1425 1880 1742 1913 demnaverunt
1772 1880 1871 1921 ΧΙΙΙ,
1904 1882 2198 1915 absolverunt
2221 1882 2251 1915 V
2331 1882 2519 1916 Tribuni

1424 1923 1581 1954 aerarii
1605 1924 1997 1957 condemnaverunt
2021 1924 2118 1964 xm,
2140 1925 2436 1958 absolverunt
2460 1924 2517 1958 111.

1426 1965 1467 1997 cf.
1489 1965 1631 1998 eundem
1653 1966 1695 1999 de
1712 1970 1828 2000 canusso
1850 1966 1901 2001 M.
1920 1967 2046 2001 Saufeii
2066 1979 2098 2011 p.
2118 1968 2161 2001 54
2181 1965 2244 2002 Or.
2285 1967 2421 2002 Coelius
2441 1979 2518 2011 epp.

1424 2009 1467 2040 ad
1492 2009 1567 2041 suni.
1590 2009 1622 2048 8,
1645 2009 1666 2041 '2
1700 2011 1769 2043 init.
1815 2009 1945 2043 Certe
1967 2012 2158 2053 inquam,
2180 2011 2407 2044 absolutus
2431 2017 2519 2050 est3

1426 2053 1488 2094 (sc.
1504 2051 1656 2085 Valerius
1668 2051 1831 2095 Messala,
1855 2054 1897 2087 de
1919 2054 2043 2088 ambitu
2067 2060 2246 2089 accusatus
2266 2066 2298 2088 a.
2315 2055 2373 2099 51)
2397 2066 2455 2089 me
2478 2055 2520 2088 in

1426 2106 1472 2127 re
1496 2098 1715 2137 praesenti
1741 2098 2067 2139 pronuntiatum
2090 2104 2156 2131 est
2179 2104 2220 2131 et
2243 2099 2414 2141 quidem
2437 2110 2519 2131 om·

1425 2138 1553 2171 nibus
1593 2140 1825 2173 ordinibus
1866 2146 1907 2174 et
1946 2141 2138 2185 singuiis
2177 2143 2217 2176 in
2256 2153 2429 2186 unoquo
2470 2152 2520 2174 ue

1426 2183 1585 2215 ordine
1609 2185 1859 2217 sententiis.
1905 2185 2065 2219 iudicium
2082 2192 2194 2219 tamen
2213 2187 2318 2220 fiebat
2335 2197 2440 2223 secun
2466 2196 2521 2219 um

1428 2226 1589 2258 maiorem
1612 2232 1743 2269 partem
1767 2229 2012 2261 universorum.
2048 2229 2089 2261 V.
2106 2229 2149 2261 de
2172 2240 2293 2263 caussa
2307 2229 2521 2268 atses-viiii,

1425 2280 1456 2300 a.
1481 2269 1520 2300 51
1546 2275 1641 2310 acta,
1675 2270 1824 2305 Caelium
1847 2272 1881 2304 in
1904 2283 1979 2314 epp·
2003 2273 2047 2305 ad
2071 2272 2148 2305 stim.
2172 2273 2206 2312 8,
2235 2273 2268 2313 8,
2299 2274 2332 2308 3.
2376 2273 2521 2308 Mittit

1427 2312 1466 2343 in
1491 2313 1720 2346 consilium
1744 2314 1919 2348 eosdem
1942 2315 2068 2355 iilos,
2092 2316 2162 2358 qui
2184 2315 2289 2350 lites
2311 2316 2521 2352 aestima-

1427 2360 1547 2395 rant,
1591 2357 1764 2391 iudices
1802 2361 1873 2404 (ρο.
1913 2357 2108 2392 Laterensis
2145 2362 2320 2403 praetor).
2386 2361 2523 2397 Quum

1428 2408 1570 2440 aequo
1593 2409 1772 2434 numero
1794 2402 2048 2434 sententiae
2070 2401 2278 2442 fuissent,
2302 2404 2522 2437 Lateren-

1426 2441 1502 2479 sis.
1525 2441 1565 2474 le
1606 2443 1683 2475 esi
1720 2454 1901 2483 uorans,
1924 2446 2261 2487 pronuntiavit,
2285 2452 2330 2478 ut
2351 2447 2521 2482 solent.

1427 2482 1548 2517 NON
1607 2455 1838 2519 EDigGAM.
1884 2487 2125 2530 Postquam
2149 2487 2358 2522 discessit
2381 2494 2424 2523 et
2447 2496 2523 2532 pro

1428 2526 1637 2561 absoluto
1660 2529 1871 2563 Servilius
1904 2530 2051 2565 baberi
2075 2537 2256 2575 coeptus
2277 2539 2358 2573 est,
2387 2531 2518 2576 tegis-

1428 2581 1506 2612 que
1530 2581 1656 2604 unum
1686 2577 1728 2605 et
1750 2574 2032 2608 centesimum
2056 2581 2187 2618 caput
2210 2576 2339 2620 legit,
2372 2578 2415 2611 iu
2437 2586 2520 2617 quo

1428 2616 1491 2652 iu
1511 2615 1767 2652 erat‘20110d
1787 2628 1927 2650 eornm
1946 2617 2125 2651 iudicum
2146 2620 2281 2652 maior
2299 2631 2400 2662 pars
2418 2620 2525 2652 iudi-

1428 2659 1562 2698 carit,
1585 2645 1627 2691 id
1650 2659 1715 2691 ius
1740 2665 1967 2704 ratumque
1990 2667 2104 2695 esto:
2129 2662 2169 2695 in
2192 2662 2371 2697 tabulas
2395 2663 2524 2698 abso-

1428 2703 1561 2736 lutum
1580 2714 1659 2736 non
1680 2704 2227 2745 retulit,ordinumiudicia
2247 2708 2524 2751 perscripsit·

1386 2763 1431 2805 ³⁸)
1457 2761 1548 2794 Piut.
1572 2771 1606 2795 v.
1631 2761 1699 2795 Cic.
1727 2764 1777 2797 17.
2462 2779 2464 2781 ·

1386 2817 1432 2857 ³⁹)
1457 2826 1491 2850 v.
1508 2815 1633 2848 Ascon.
1656 2815 1700 2849 ad
1724 2827 1774 2849 or.
1798 2816 1832 2850 in
1856 2822 1925 2860 tog.
1942 2816 2076 2850 candid.
2100 2829 2132 2862 p.
2155 2817 2209 2850 85.
2227 2815 2287 2850 Or.
2310 2818 2361 2851 86.
2378 2819 2432 2852 87.
2449 2828 2523 2863 sqq.

1386 2875 1430 2918 ⁴⁰)
1455 2874 1526 2908 Cic.
1549 2874 1594 2909 ad
1616 2875 1686 2909 Aa.
1712 2878 1743 2917 1,
1770 2877 1820 2912 16·
