2720 3402
2478 141 2564 194 52

207 294 356 338 lorum
392 308 538 352 paene
573 298 840 352 aequasset,
885 292 1087 352 polleret
1121 290 1313 351 opibuS,
1357 289 1645 350 negotiisque
1681 296 1729 335 ct
1760 290 1888 336 urbis
1924 296 1970 335 et
2002 288 2350 351 provinciarum
2383 295 2566 350 partem

205 380 415 424 magnam
448 365 641 410 haberet
674 363 943 419 obnoxiam,
963 362 1030 423 ⁶⁰)
1070 361 1326 408 nobilitatis
1358 362 1612 422 potentiam
1655 368 1702 407 et
1744 362 2008 423 superbiam
2042 368 2308 407 coercerett
2358 362 2567 406 futurum

205 452 311 481 esse
343 437 657 497 prospiciens,
691 443 766 491 ut,
800 435 1035 481 senatorio
1069 432 1233 479 ordine
1259 449 1328 478 ex
1360 433 1457 488 his,
1504 434 1581 493 qui
1614 433 1703 479 sibi
1736 434 1881 479 dediti
1916 440 2097 490 essent,
2141 434 2386 495 suppleto,
2430 440 2564 478 vete-

204 507 332 553 ribus
366 508 554 554 familiis
587 508 827 569 paullatim
860 513 1011 553 morte
1045 504 1314 561 exstinctis,
1348 505 1487 550 etiam
1520 505 1811 551 nobilitatem
1844 513 1891 551 et
1922 506 2061 551 fidam
2095 513 2142 551 et
2175 505 2440 551 devinctam
2475 504 2564 550 sibi

204 579 491 642 principatus
524 580 729 625 haberet.

409 653 454 697 2.
487 653 648 712 Itaque
682 657 948 698 senatorum
981 650 1168 711 quidem
1201 651 1474 696 affluentem
1507 664 1748 695 numerum
1782 649 1982 695 deformi
2014 657 2062 695 et
2092 650 2325 696 incondita
2357 650 2564 711 turba⁶¹)

205 724 263 770 ad
295 725 481 770 modum
514 724 759 786 pristinum
787 730 835 769 et
860 723 1162 786 splendorem
1186 722 1396 784 redegit:
1414 722 1474 784 ⁶²)
1507 721 1688 769 iteratis
1716 722 1994 768 lectionibus
2020 722 2259 783 purgavit:
2277 724 2336 783 ⁶³)
2370 739 2562 770 censum

205 812 365 842 eorum
401 798 543 858 duplo
576 797 705 841 auxit
728 797 787 858 64)
830 796 1079 856 multisque
1113 795 1379 857 supplevitz
1403 795 1463 857 65)
1499 795 1591 841 iuri
1624 801 1814 841 senatus
1847 793 1963 840 nihil
1997 793 2183 840 omnino
2217 794 2390 841 diserte
2423 797 2562 844 dero·

204 868 355 928 gavit:
379 869 438 930 66)
482 885 538 914 eo
570 868 674 929 ipso
708 876 756 913 et
788 874 1073 929 potestatem·
1110 883 1268 913 rerum
1312 867 1515 920 omnium
1549 867 1639 912 sibi
1671 868 1903 921 retinenS,
1948 873 1996 911 et
2028 866 2209 911 senatui
2242 868 2445 929 speciem
2476 884 2561 915 ve-

204 940 319 987 teris
355 940 591 1003 dignitatis
625 957 931 997 conservans,
975 941 1124 1000 quod,
1167 940 1279 1000 quid
1311 940 1370 985 ad
1403 955 1537 985 suum
1570 941 1835 995 arbitrium,
1885 940 1996 999 quid
2030 940 2088 983 ad
2121 938 2248 983 illius
2289 941 2559 1000 pertineret,

203 1012 433 1059 infinitum
466 1028 652 1075 semper
684 1019 732 1059 et
762 1012 989 1059 incertum
1022 1011 1321 1073 relinqueret.
1339 1010 1399 1072 ⁶⁷)
1466 1012 1563 1058 Sed
1595 1019 1864 1074 postquam,
1899 1010 2019 1068 „ubi
2052 1010 2247 1057 militem
2282 1011 2442 1068 donis,
2476 1029 2561 1073 po-

204 1086 365 1146 pulum
398 1101 600 1141 annona,
645 1092 834 1130 cunctos
868 1085 1115 1130 dulcedine
1158 1085 1241 1129 otii
1273 1083 1495 1145 pellexit,
1536 1084 1781 1146 insurgere
1814 1083 2056 1146 paullatim
2069 1087 2097 1108 ‘⁶
2141 1090 2190 1129 et
2222 1084 2280 1129 ad
2315 1099 2444 1130 suam
2479 1101 2562 1130 vo-

205 1159 428 1203 luntatem
462 1159 720 1219 gubernare
753 1155 1101 1216 rempublicam,
1134 1162 1438 1214 veterumque
1470 1154 1787 1202 institutorum
1820 1157 2016 1202 formam
2049 1163 2335 1202 commutare
2368 1173 2563 1219 prorsus

204 1230 384 1290 coepit=
418 1228 805 1289 quemadmodum
838 1242 1061 1271 summam
1092 1226 1279 1286 imperii
1309 1226 1402 1270 iam
1427 1226 1608 1282 iisdem,
1642 1229 1807 1287 quibus
1835 1236 1969 1274 antea
2001 1237 2284 1290 praetorum,
2319 1231 2562 1275 consulum

204 1302 578 1361 reliquorumque
611 1298 962 1359 magistratuum
995 1297 1225 1344 contineri
1256 1298 1521 1343 nominibus
1552 1300 1716 1355 noluit,
1750 1301 1833 1345 sed
1867 1302 2061 1345 eandem
2094 1309 2170 1346 aut
2202 1302 2428 1348 modestis
2459 1303 2561 1363 qui-

206 1374 399 1420 busdam
433 1377 511 1418 aut
543 1370 748 1417 incertae
782 1368 1135 1431 significationis
1169 1369 1340 1426 titulis,
1374 1370 1535 1430 quales
1568 1378 1677 1417 sunt
1710 1372 1950 1433 principis,
1979 1372 2166 1429 tribuni,
2198 1376 2426 1434 praefecti
2459 1393 2559 1422 mo-

205 1462 324 1502 rum,
357 1443 572 1506 Augusti,
605 1442 916 1505 imperatoris,
932 1441 992 1503 6ξ’)
1025 1441 1316 1504 involvit,⁶⁹)
1350 1442 1417 1488 sic
1451 1442 1590 1490 etiam
1623 1459 1851 1491 summum
1885 1444 1956 1491 rei
1988 1444 2229 1500 familiaris
2262 1448 2560 1507 splendorem

206 1532 520 1576 summamque
564 1515 835 1576 «lignitatem
878 1514 926 1560 in
969 1514 1027 1559 iis
1070 1521 1248 1560 tantum
1289 1515 1505 1576 gentibus
1548 1533 1653 1563 esse
1687 1517 1858 1573 noluit,
1903 1532 2020 1577 quae
2053 1516 2101 1562 in
2135 1516 2284 1563 libera
2324 1522 2563 1580 republica

206 1590 439 1652 primores
473 1588 675 1634 civitatis
709 1587 934 1633 fuissent:
967 1602 1132 1633 verum
1166 1594 1215 1633 et
1247 1594 1434 1634 veteres
1465 1589 1687 1649 quasdam
1721 1590 1806 1635 sed
1832 1589 1933 1635 sine
1960 1589 2213 1654 honoribus
2240 1590 2440 1639 familias
2467 1601 2565 1640 tum

208 1661 410 1724 primum
443 1661 618 1717 evexit,
653 1667 701 1706 et
728 1660 959 1721 equestris
993 1660 1171 1705 ordinis
1204 1660 1441 1722 principes
1468 1661 1723 1708 honoribus
1752 1662 1811 1708 iis
1839 1662 2035 1719 ornavit,
2070 1661 2149 1724 qui
2176 1670 2255 1709 aut
2281 1666 2564 1714 senatorium

206 1736 376 1781 fastum
408 1751 558 1795 paene
592 1734 890 1789 excederent,
926 1740 1004 1779 aut
1037 1736 1122 1778 sub
1156 1734 1342 1779 nomine
1376 1734 1547 1796 exiguo
1581 1736 1837 1796 potentiam
1869 1751 2080 1796 magnam
2112 1736 2352 1783 haberent.
2401 1739 2457 1785 In
2483 1755 2565 1786 au—

206 1808 359 1870 gendo
403 1813 557 1853 autem
599 1805 804 1866 equestri
848 1806 1011 1853 ordine
1044 1807 1335 1867 quadruplici
1368 1806 1548 1853 ratione
1582 1823 1693 1853 usus
1728 1815 1814 1853 est.
1880 1808 2055 1853 Totum
2088 1806 2211 1853 enim
2245 1810 2456 1857 ordinem
2488 1829 2564 1858 re-

206 1879 412 1924 censuit:
444 1878 756 1923 intermissam
782 1877 863 1922 diu
897 1878 1102 1938 equitum
1136 1894 1254 1939 equo
1287 1879 1475 1941 publico
1507 1880 1871 1941 recognitionem
1899 1879 2171 1926 renovavit:
2205 1881 2437 1942 equitibus
2463 1885 2564 1945 qui-

206 1953 399 1998 busdam
441 1950 713 2010 dignitatem
756 1950 1036 1994 senatoriam
1076 1950 1260 2006 tribuit,
1305 1953 1383 2011 qui
1415 1967 1539 1996 novo
1581 1953 1747 1997 abhinc
1788 1953 1975 1998 nomine
2016 1953 2224 1999 illustres
2267 1954 2562 2015 dicebantur-3

207 2024 406 2083 denique
448 2037 626 2067 summa
669 2021 892 2081 quaedam
934 2020 1090 2065 officia
1125 2023 1510 2082 magistratusque
1544 2024 1807 2077 constituit,
1850 2026 2014 2084 quibus
2049 2025 2136 2068 soli
2171 2025 2350 2084 equites
2395 2028 2561 2091 funge-

207 2102 393 2142 rentur:
428 2093 691 2149 nonnullos,
725 2092 803 2153 qui
835 2091 1152 2153 magistratum
1184 2094 1361 2139 nullum
1394 2096 1634 2150 haberent,
1669 2103 1717 2141 et
1749 2096 1948 2141 amicitia
1981 2111 2065 2140 sua
2096 2095 2262 2155 dignos
2295 2097 2479 2156 habuit,
2513 2111 2562 2148 et

209 2167 505 2214 consiliorum
540 2180 727 2211 suorum
760 2164 1013 2226 participes
1047 2164 1173 2209 fecit.
1237 2165 1310 2210 De
1344 2166 1510 2226 quibus
1544 2166 1754 2211 omnibus
1789 2166 2065 2228 explicatius
2099 2165 2346 2215 dicendum
2379 2180 2467 2219 est.

211 2398 254 2437 ⁸0)
279 2392 411 2435 loseph.
450 2392 540 2423 Anu.
566 2390 618 2430 19,
646 2392 676 2430 l,
702 2392 729 2424 l.
775 2392 890 2436 Μυρία
912 2401 943 2423 τε
967 2390 1338 2444 εοξρίσκετοχῦιιὶίςιῆει)
1379 2391 1384 2423 Ι
1425 2394 1470 2435 ⁶⁶)
1493 2392 1666 2435 Principio
1690 2403 1831 2435 magnae
1855 2393 2098 2427 observantiae
2113 2395 2229 2437 specie
2251 2396 2403 2431 devinxit
2425 2401 2487 2434 sibi
2510 2413 2561 2435 se-

252 2440 306 2472 καί
322 2437 404 2469 κατὰ
426 2436 504 2467 τῶν
526 2436 604 2465 ἱππ
613 2436 627 2466 ἑ
637 2446 662 2465 ω
672 2446 692 2465 ν
712 2447 739 2477 μ
749 2436 762 2466 ἑ
772 2446 792 2465 ν
813 2445 833 2465 κ
842 2446 863 2464 α
872 2436 889 2465 λ
898 2447 915 2465 ο
926 2446 976 2475 υμ
987 2446 1000 2466 ε
1009 2446 1063 2465 νω
1073 2446 1103 2472 ν,
1125 2438 1192 2473 αξι
1202 2437 1262 2478 ώμ
1272 2448 1293 2467 α
1302 2447 1318 2467 τ
1328 2448 1340 2466 ι
1466 2442 1598 2467 natum:
1623 2435 1707 2476 (Dio
1730 2436 1790 2475 53,
1813 2435 1872 2477 32)
1897 2447 2032 2479 semper
2055 2437 2224 2471 simulavit
2247 2442 2379 2474 senatui
2402 2454 2439 2475 se
2463 2445 2563 2487 impe-

254 2483 299 2515 di
321 2481 393 2513 ami
417 2479 555 2520 δυνάμ
566 2488 580 2509 ε
591 2489 603 2508 ι
621 2488 674 2520 χρ
685 2489 738 2519 ημ
750 2479 860 2509 citum
882 2477 963 2520 ὅμο
974 2489 1017 2509 ια
1040 2479 1136 2513 τοῖς
1162 2480 1341 2522 συγκλη-
1466 2479 1549 2511 rium
1574 2479 1821 2511 restituturum:
1846 2479 1908 2520 (id.
1931 2479 1986 2520 53,
2008 2479 2038 2512 2.
2074 2482 2168 2514 Suet.
2193 2481 2274 2516 Oct.
2298 2483 2357 2526 ⁴28)
2380 2487 2452 2528 ipse
2473 2489 2563 2530 prin·

254 2526 370 2558 τικοῖ
382 2533 397 2557 5
420 2521 498 2554 ¹3⁷¹&
521 2521 589 2560 ῐῆς
612 2521 775 2554 πόλεως
802 2521 1043 2564 ἀγομένων.
1467 2523 1575 2563 cipem
1599 2528 1735 2554 senatus
1759 2523 1868 2554 creari
1890 2533 1929 2555 se
1950 2522 2076 2555 voluit:
2101 2523 2194 2565 (Dio
2218 2526 2281 2566 53,
2308 2527 2349 2568 l)
2396 2529 2563 2563 mvincias

212 2595 257 2636 ω)
280 2604 301 2625 v
338 2596 407 2623 not·
431 2588 483 2622 51·
1468 2575 1543 2597 cum
1565 2575 1608 2596 eo
1631 2565 1776 2607 partitus
1799 2570 1851 2597 est
1859 2577 1869 2597 ε
1894 2571 2032 2598 senatus
2054 2566 2176 2611 legatis
2200 2574 2234 2601 et
2257 2571 2444 2604 oratoribus
2466 2573 2562 2606 Prin-

1468 2608 1578 2649 cipum
1594 2618 1761 2649 responsa
1773 2608 1895 2641 dabat:
1918 2609 2042 2641 iudicia
2054 2610 2239 2643 exercebat
2262 2611 2344 2652 (Dio
2360 2614 2413 2652 53,
2425 2616 2478 2648 21.
2492 2616 2563 2657 33.)

213 2664 256 2703 ⁶²)
281 2660 347 2691 Dio
370 2659 425 2696 5⁶2,
452 2656 500 2690 19.
546 2657 638 2688 Suet.
662 2653 740 2689 Oct.
764 2655 817 2689 35.
1428 2664 1646 2741 οηΰρίι-Ιῗῶιιι
1658 2665 1777 2740 lieber-
1790 2666 1853 2743 ὁίἑο
1869 2665 2239 2701 Criminaliurisdiction
2256 2669 2317 2702 des
2333 2670 2416 2704 ι’ὄω.
2431 2672 2566 2707 Senam.

213 2732 257 2772 ω)
280 2729 327 2807 ν’.
346 2739 374 2760 c'
396 2726 417 2759 3
440 2730 508 2758 nm·
533 2724 593 2793 ²⁰⁶,
919 2792 927 2801 ,
1101 2793 1109 2802 ‚
1272 2793 1280 2801 ‚
1428 2761 1474 2802 ⁶⁸)
1497 2718 1553 2792 gc
1576 2760 1621 2793 du
1643 2733 1712 2793 lice
1733 2720 1983 2805 Eignifigzilt‘ione
2005 2763 2102 2812 huius
2126 2765 2209 2797 tituli
2232 2775 2265 2796 v.
2288 2763 2431 2798 Eckhel.
2456 2767 2501 2800 D.
2521 2768 2565 2801 N.

214 2801 259 2841 θ4)
284 2798 352 2830 Dio
375 2798 437 2835 5⁴,
462 2794 512 2826 17.
557 2794 652 2826 Suet.
676 2790 754 2825 Oct.
778 2794 842 2832 41,
874 2792 929 2825 ub·
951 2802 984 2825 v.
1009 2792 1053 2825 de
1076 2792 1344 2836 discrepantibus
1471 2802 1547 2835 νοι,
1573 2771 1670 2843 vffi,
1694 2815 1727 2847 p·
1751 2806 1956 2840 343—354·
2002 2806 2044 2839 ef·
2068 2807 2144 2839 νο..
2169 2806 2234 2845 vl,
2259 2817 2291 2848 p·
2315 2810 2346 2842 9·
2373 2809 2437 2842 1⁴0
2460 2821 2532 2853 'qq'

256 2841 426 2881 “musque
447 2837 593 2870 ”umeris
617 2835 862 2869 casaum’m'm'
1431 2863 1473 2900 ⁶⁹)
1497 2860 1538 2893 V.
1563 2861 1706 2895 Loebell
1732 2862 1850 2896 Ueber
1881 2863 1913 2896 d.
1937 2863 2110 2907 principat
2139 2865 2199 2896 des
2223 2866 2392 2908 Augustus
2421 2869 2455 2901 in
2478 2869 2566 2901 Rau·

212 2912 258 2952 ⁶⁵)
286 2909 351 2941 Dio
372 2908 427 2948 52,
454 2907 502 2942 19.
548 2905 601 2945 53,
624 2907 655 2939 2.
701 2906 755 2945 54,
779 2906 829 2939 17.
875 2905 930 2944 55,
956 2904 1004 2938 13.
1473 2914 1562 2938 mers
1585 2904 1663 2938 hist.
1675 2905 1920 2939 Taschenbuch
1947 2907 2029 2942 1834
2052 2920 2083 2951 p.
2096 2907 2159 2942 213
2172 2918 2244 2950 sqq.
2270 2908 2356 2952 inpr-
2370 2921 2401 2953 ρ.
2419 2913 2565 2955 258sqq.

2018 2967 2045 3005 8
