2720 3402
211 226 512 289 suffragia
546 228 724 276 etiam
757 236 894 277 sunt
927 233 1226 278 senatus.“
1290 230 1429 278 Unde
1461 230 1511 278 in
1545 229 1751 292 equitum
1785 227 2008 274 centuriis
2042 225 2265 289 suffragia
2296 224 2461 271 tulisse
2494 238 2570 270 se-

211 306 399 345 natores
432 308 644 363 apertum
678 303 851 366 est²⁷)‚
885 303 1025 365 idque
1059 303 1169 350 aliis
1195 303 1469 365 quibusdam
1501 302 1640 365 hujus
1657 303 1744 349 >rei
1777 300 1991 363 vestigiis
2025 300 2339 348 confirmatur.

413 373 557 430 Nam,
607 381 660 420 ut
701 375 751 421 in
793 376 994 422 formula
1036 376 1118 422 illa
1161 376 1466 422 Comitiorum
1509 375 1897 422 centuriatorum:
1961 373 2186 420 Consul
2236 370 2567 417 exercitum

209 442 461 505 imperat
492 446 975 510 remittitque,²⁸)
1008 455 1089 494 aut
1121 447 1213 494 alia
1246 448 1500 494 Censoriae
1532 448 1807 510 potestatise
1872 448 2168 492 Censores
2204 472 2264 479 —
2301 441 2569 504 equitum

206 516 593 579 peditumque
625 521 854 581 prolem
887 519 1376 582 describunto,²⁹)
1408 535 1503 566 non
1535 535 1648 566 suus
1682 519 1974 566 senatoribus
2006 520 2136 565 locus
2171 512 2258 574 est,
2293 517 2380 563 sed
2406 520 2569 577 aperte

205 588 332 635 inter
372 589 553 650 equites
595 599 920 649 numerantur,
938 592 1036 655 2⁹³)
1085 592 1154 638 sic
1194 607 1342 653 usque
1386 593 1445 637 ad
1486 592 1820 654 imperatorum
1861 597 2072 651 tempora
2105 597 2153 636 et
2184 596 2452 636 senatorum
2485 585 2571 631 filii

204 660 390 719 equites
433 669 565 708 erant
606 662 804 710 Romani
848 672 896 713 et
938 672 1186 726 senatores
1228 665 1346 726 ipsi,
1391 673 1453 709 ex
1486 664 1720 724 equitibus
1753 663 1863 708 lecti
1895 663 1942 707 in
1978 671 2210 718 senatum,
2231 662 2291 722 ³⁰)
2334 658 2572 707 senatoria

207 738 342 778 veste
385 732 623 795 deposita,
671 735 719 783 id
773 738 899 797 quod
950 737 1119 784 accidit
1143 736 1199 783 in
1230 735 1420 798 publico
1452 735 1605 792 luctu,
1646 732 1845 790 fiebant,
1888 732 2012 794 quod
2046 740 2152 780 ante
2185 734 2393 791 fuerant,
2435 730 2570 793 eqni-

207 807 293 848 tes.
309 803 371 866 ³¹)
434 806 643 864 Accedit,
677 808 815 868 quod.
832 815 1251 855 commemorantur
1281 824 1307 854 a
1338 807 1481 854 Livio
1515 807 1592 864 29,
1626 806 1703 852 37.
1737 806 1802 851 Μ.
1822 805 1991 851 Livius
2013 805 2249 851 Salinator
2281 813 2330 852 et
2347 807 2399 852 C.
2426 805 2566 850 Clau—

206 874 311 920 dius
343 876 388 920 N
390 893 495 934 ero,
537 895 578 924 a.
622 880 732 924 55⁰.
775 896 1020 936 censores,
1056 878 1178 941 jussi
1219 882 1340 926 alter
1380 882 1437 924 ab
1479 882 1627 925 altero
1670 893 1842 938 equum
1884 879 2116 933 vendere3
2165 884 2264 921 tum
2305 878 2362 922 L.
2405 876 2566 937 Scipio

206 945 463 1006 Asiaticus,
496 950 572 996 vir
604 952 890 1007 consularis,
937 952 1011 998 cui
1043 953 1108 998 Μ.
1142 953 1321 1000 Catone
1363 952 1420 999 L.
1454 953 1626 998 Flacco
1660 950 1947 996 Censoribus
1981 966 2130 1009 equus
2164 950 2376 995 ademtus
2410 958 2495 995 est.
2528 964 2569 993 a.

205 1017 314 1063 570.
357 1020 416 1065 cf.
448 1020 558 1066 Liv.
592 1019 680 1078 39,
722 1023 800 1069 44.
842 1022 1005 1068 Madv.
1046 1024 1078 1069 l.
1120 1024 1152 1070 l.
1194 1040 1241 1086 p.
1281 1024 1368 1082 77,
1411 1023 1612 1084 denique
1655 1028 1898 1069 senatores
1942 1021 2178 1078 nonnulli,
2229 1020 2440 1082 quamvis
2482 1033 2569 1081 per

206 1097 404 1137 aetatem
436 1092 668 1137 immunes
701 1094 920 1149 militiae,
954 1110 1197 1139 commune
1229 1111 1334 1140 cum
1366 1096 1538 1141 ceteris
1569 1095 1682 1139 belli
1713 1095 1973 1155 periculum
2008 1095 2287 1149 subeuntes,
2328 1094 2456 1154 (Liv.
2489 1092 2568 1147 22,

204 1161 292 1220 49,
339 1163 410 1210 17.
443 1163 644 1224 Dionys.
678 1164 761 1211 vl.
795 1181 842 1228 p.
878 1165 1015 1229 1055.
1048 1166 1140 1229 R.)
1182 1166 1349 1228 quibus
1392 1166 1623 1230 exemplis
1665 1165 2071 1229 intelligiturhne
2116 1181 2198 1212 eos
2233 1165 2446 1225 quidem,
2488 1162 2568 1224 qui

205 1248 410 1282 summos
452 1235 502 1281 in
541 1250 594 1281 re
634 1236 821 1298 publica
852 1238 1054 1284 honores
1088 1237 1326 1285 consecuti
1351 1236 1626 1301 jamdudum
1659 1244 1818 1306 essent
1851 1236 2008 1284 allecti
2040 1237 2089 1284 in
2121 1238 2407 1285 senatorium
2441 1235 2569 1283 ordi-

205 1321 339 1362 nem,
384 1308 583 1353 desiisse
617 1309 665 1354 in
701 1310 907 1370 equitum
940 1326 1134 1356 numero
1166 1310 1344 1355 haberi.
1409 1310 1624 1370 Denique
1656 1310 1706 1353 in
1740 1326 1826 1354 sex
1859 1310 2094 1371 suffragiis
2126 1318 2252 1355 certe
2286 1320 2380 1355 non
2413 1311 2567 1354 solum

199 1374 439 1439 Juniores‚
473 1381 558 1427 sed
593 1381 731 1428 etiam
765 1383 976 1429 seniores
1009 1385 1222 1439 fuerunt,
1257 1383 1486 1443 siquidem
1520 1399 1576 1428 ea
1607 1384 1667 1434 de
1700 1399 1887 1440 caussa,
1920 1398 2011 1443 qua
2043 1383 2153 1429 fieri
2185 1400 2279 1429 non
2312 1383 2479 1445 potuit,
2511 1387 2565 1426 ut

206 1457 394 1498 veteres
435 1452 545 1499 illae
587 1454 890 1515 patriciorum
930 1455 1082 1503 tribus
1122 1470 1293 1503 nomen
1334 1455 1623 1516 formamque
1665 1455 1976 1502 centuriarum
2010 1455 2298 1518 acciperent,
2323 1455 2383 1516 32)
2426 1453 2565 1500 etiam

206 1523 417 1569 seniores
451 1541 513 1570 ex
545 1526 620 1570 his
651 1528 866 1572 tribubus
898 1528 948 1573 in
981 1529 1228 1573 Centurias
1261 1528 1497 1574 seniorum
1529 1529 1708 1588 primae
1742 1528 1905 1571 classis
1939 1528 2139 1589 migrare
2172 1543 2266 1573 non
2298 1531 2567 1588 potuerunt.

203 1593 335 1641 Idem
377 1596 436 1642 de
478 1597 724 1644 duodecim
758 1600 987 1647 centuriis
1022 1598 1229 1660 equitum
1261 1596 1487 1661 plebejis‚
1510 1598 1572 1659 ³³)
1621 1599 1836 1644 concludi
1868 1606 2026 1660 potest
2057 1615 2153 1659 non
2186 1600 2337 1645 solum
2370 1616 2397 1645 e
2430 1598 2566 1644 Cice-

204 1666 333 1713 ronis
376 1668 503 1724 loco,
546 1684 683 1727 quem
726 1687 868 1731 supra
910 1672 1067 1727 attuli,
1112 1673 1198 1717 sed
1242 1671 1382 1717 etiam
1426 1687 1507 1726 eo,
1557 1672 1683 1730 quod
1715 1671 1979 1730 posteriore
2011 1678 2225 1732 tempore
2260 1668 2470 1716 seniores
2503 1684 2566 1713 ex

204 1736 279 1784 his
312 1739 535 1788 centuriis
568 1743 956 1804 segregabantur,
990 1741 1123 1805 cujus
1155 1742 1227 1791 rei
1259 1759 1423 1790 caussa
1454 1757 1549 1789 non
1582 1741 1776 1799 fuisset,
1812 1742 1852 1789 si
1883 1742 2128 1803 utriusque
2162 1743 2329 1790 aetatis
2363 1742 2566 1789 fuissent

203 1810 456 1859 centuriae.
2472 1854 2484 1862 .

407 1886 610 1932 Gensum
659 1895 925 1948 equestrem
967 1889 1116 1935 fuisse
1159 1888 1434 1944 maximum,
1493 1887 1669 1933 diserte
1711 1903 1738 1933 a
1781 1887 2007 1933 Cicerone
2056 1894 2292 1942 narratur,
2318 1886 2378 1946 ³⁴)
2436 1882 2559 1944 quod

246 2079 289 2114 2”)
312 2077 376 2110 Est
399 2068 443 2110 de
465 2077 498 2110 h.
521 2078 542 2110 l.
565 2078 734 2122 Madvigii
768 2080 847 2112 diss.
873 2082 1006 2123 egregia
1030 2081 1063 2112 in
1086 2090 1203 2122 opusc.
1226 2080 1334 2112 Acad.
1372 2076 1379 2117 Ι
1464 2061 1468 2064 -
1526 2078 1641 2119 apud
1676 2079 1915 2115 Romanos,
1959 2079 2027 2118 qui
2052 2083 2242 2118 propter
2275 2078 2470 2118 inopiam
2507 2085 2557 2107 ex

309 2130 342 2163 p.
367 2121 419 2154 72.
443 2130 518 2164 sqq.
1524 2119 1721 2163 equestri
1744 2119 2229 2152 ordineinsenatorum
2253 2123 2356 2154 sunt
2379 2127 2556 2152 numero

245 2175 291 2215 ιο)
315 2174 466 2206 Gronov,
491 2173 593 2207 obss,
620 2176 655 2213 ι,
682 2176 710 2207 ι.
733 2174 893 2207 Huschke
915 2186 949 2217 p·
972 2177 1048 2209 415·
1523 2164 1749 2205 assumpti.
1772 2175 1804 2205 p.
1829 2166 1881 2198 32.
1905 2164 2004 2195 Lind.
2051 2164 2140 2196 Con
2154 2165 2319 2206 scripti
2352 2163 2555 2196 diceban-

1522 2210 1608 2245 tur,
1643 2206 1711 2248 qui
1743 2216 1794 2238 ex
1824 2206 2024 2249 equestri
2053 2206 2211 2239 ordine
2243 2206 2447 2250 patribus
2480 2205 2554 2238 ad-

244 2226 289 2268 n)
313 2225 382 2259 cm
406 2225 450 2259 de
472 2226 557 2271 legg·
582 2226 646 2267 'n’
667 2227 699 2261 3·
1523 2248 1856 2289 scribebantur,
1891 2255 1935 2282 ut
1972 2259 2173 2283 numerus
2205 2256 2465 2283 senatorum
2487 2260 2556 2281 ex·

218 2280 294 2322 ²⁹³)
319 2279 361 2312 cf.
385 2279 527 2322 Dionys.
553 2282 611 2331 ¹9⁹
641 2291 678 2332 Ρἒ
698 2281 795 2332 ‘2097-
830 2281 898 2313 ἴστε
922 2280 963 2320 δὴ
985 2282 1193 2332 συνωμοσίαν
1215 2280 1268 2312 ἐπὶ
1289 2280 1334 2323 τῷ
1533 2291 1737 2323 ‚lu-etur·
1768 2291 1811 2323 cs.
1836 2292 1912 2324 Ην,
1936 2294 1977 2331 2,
2002 2294 2040 2330 ι,
2067 2294 2108 2325 10

307 2323 400 2375 {bue
421 2333 639 2375 νςγενημεγην
660 2322 711 2375 ¹³⁷?
731 2323 866 2376 ανᾷρῶὲ
886 2324 944 2356 οὐκ
966 2323 1114 2377 &tame
1154 2324 1188 2356 ἐν
1209 2323 1331 2375 ⁰150-
1458 2334 1503 2376 ³¹)
1562 2345 1581 2366 e
1603 2344 1640 2366 re
1662 2334 1837 2367 notissima
1859 2334 1902 2367 cs.
1927 2334 2007 2367 mo.
2032 2335 2094 2373 38,
2128 2336 2179 2369 u.
2225 2336 2286 2375 «ιο,
2318 2336 2370 2370 46.
2417 2336 2478 2374 56,
2500 2334 2554 2367 3¹.

307 2377 391 2418 *ΨΜ
420 2375 522 2418 Κῦρος
551 2377 589 2396 ⁰¹¹
618 2367 716 2417 ’¹⁰²¹st
731 2377 788 2397 *αὖ
817 2378 882 2419 '‘1''
906 2368 956 2419 ,εἷς
982 2367 1057 2417 {⁰⁶⁶
1080 2367 1333 2409 συηῧλὲγμενων
1520 2376 1628 2409 Simili
1658 2377 1760 2408 modo
1783 2377 2008 2421 Magistratus
2031 2377 2152 2410 demtis
2176 2380 2361 2421 praetextis
2382 2377 2554 2411 senatorio

308 2420 345 2442 το
369 2409 540 2453 συνεδριον
561 2412 796 2454 πριςβυτερων,
818 2421 854 2442 ιο
876 2409 913 2442 δε
932 2409 1084 2442 abactor
1104 2410 1148 2442 ἐκ
1164 2412 1242 2451 ruit
1256 2410 1296 2448 ἐξ
1304 2421 1330 2441 ω
1520 2418 1635 2452 habu„
1658 2420 1837 2463 prodeunt·
1883 2421 1963 2454 Dio·
1986 2421 2030 2455 5ss
2072 2423 2126 2456 31·
2173 2423 2215 2456 72
2259 2423 2313 2456 Ἡ.

306 2452 375 2491 τῆς
403 2452 559 2493 βουλῆς
587 2454 764 2484 ἱππέων.
1457 2464 1501 2504 ³2)
1525 2472 1557 2494 v·
1582 2465 1726 2498 not-19·
2038 2445 2048 2461 ’
2226 2447 2236 2462 '
2376 2479 2379 2481 .

245 2504 291 2548 ³0)
314 2503 422 2537 isidor
442 2501 558 2548 Origg.
582 2503 649 2544 lX,
673 2506 703 2538 4.
750 2502 963 2539 Quamvis
986 2505 1212 2538 senatoria
1235 2505 1329 2547 quis
1456 2507 1502 2548 ³³)
1525 2504 1688 2548 Equitum
1720 2498 1931 2550 plebeiorum
1960 2517 2029 2540 non
2059 2517 2139 2541 rara
2168 2513 2220 2541 est
2242 2508 2377 2541 mentio.
2422 2505 2496 2539 Liv.
2520 2507 2553 2545 4,

307 2547 480 2591 origine
516 2545 653 2587 esset,
691 2557 824 2589 usque
845 2546 899 2579 ad
929 2547 1158 2590 legitimos
1189 2558 1327 2581 annos
1519 2550 1573 2583 42.
1619 2552 1661 2589 4,
1695 2551 1754 2590 13,
1781 2552 1831 2584 15.
1855 2550 1911 2583 ubi
1935 2561 1966 2582 v.
1992 2550 2178 2583 Dukerum.
2201 2553 2255 2590 24,
2277 2553 2330 2584 43.
2376 2548 2550 2581 Drakenb.

308 2600 442 2633 eques
476 2589 694 2623 Romanus
729 2594 844 2629 erat,
879 2589 1042 2623 deinde
1071 2591 1167 2624 acci
1207 2590 1328 2623 iebat
1518 2590 1563 2624 ad
1587 2594 1625 2632 4,
1659 2593 1710 2627 15.
1742 2594 1773 2627 7.
1820 2592 1933 2628 Quum
1963 2598 2078 2627 autem
2107 2603 2150 2626 ex
2180 2592 2343 2637 equitibus
2365 2593 2556 2625 Senatores·

307 2632 513 2666 bonorem
537 2632 793 2666 senatoriae
815 2632 1064 2675 diguitatis.
1103 2634 1145 2666 cf.
1205 2633 1248 2666 io.
1270 2635 1326 2672 54,
1517 2634 1728 2685 legerentur,
1762 2636 1974 2678 intelligitur,
2009 2636 2180 2678 quomodo
2211 2635 2284 2668 fieri
2316 2635 2480 2678 potuerit,
2515 2640 2551 2665 ut

276 2705 281 2710 ,
306 2676 338 2710 2.
363 2681 446 2709 extr.
466 2674 624 2708 Claudius
646 2675 831 2719 imperator
852 2685 957 2719 usque
975 2675 1020 2708 ad
1037 2675 1160 2710 Tiberii
1175 2681 1326 2716 mortem,
1519 2682 1622 2720 enam
1656 2677 1782 2722 plebe‘i
1813 2679 1887 2712 sine
1916 2678 2101 2712 honoribus
2131 2679 2163 2712 in
2186 2684 2338 2712 senatum
2359 2677 2550 2722 reciperen-

306 2731 392 2760 cum‚
413 2730 520 2753 annos
542 2721 585 2755 46
607 2725 715 2759 nattis,
737 2719 883 2752 Senator
904 2724 939 2752 et
956 2719 1082 2753 Consul
1104 2720 1224 2753 eodem
1245 2726 1326 2752 tem·
1518 2726 1592 2760 tur,
1626 2721 1723 2764 cnjus
1769 2724 1959 2755 uendeutum
1993 2730 2046 2756 est
2078 2722 2264 2765 exemplum
2293 2722 2385 2764 apud
2415 2722 2550 2754 Livium

331 2773 390 2795 ore
410 2761 525 2803 fieret,
553 2772 657 2806 eques
678 2762 719 2794 R.
742 2761 813 2794 fuit.
836 2772 869 2795 v.
894 2761 972 2794 Dio.
995 2763 1059 2803 59,
1081 2762 1114 2796 6.
1137 2765 1230 2797 Suet.
1254 2762 1324 2796 cal.
1517 2765 1558 2804 5,
1584 2765 1641 2804 12,
1668 2766 1718 2799 n.

326 2808 358 2841 5.
383 2805 500 2840 Claud.
522 2807 554 2840 5.
587 2807 616 2841 7.
1454 2807 1496 2847 ³⁴)
1520 2805 1596 2840 Etsi
1618 2805 1826 2842 Niebuhrius
1849 2807 1880 2849 1,
1909 2819 1942 2851 p.
1967 2809 2041 2843 480.
2066 2807 2119 2841 etl.
2145 2812 2217 2840 tert.
2242 2806 2341 2848 dicit,
2370 2807 2436 2841 boc
2459 2806 2547 2849 frag-

206 2849 284 2890 ³⁰³)
307 2849 407 2882 Pauli
429 2854 577 2893 excerpt.
600 2859 634 2892 p.
647 2850 679 2883 6.
703 2829 807 2881 Lind.
847 2848 1021 2881 Allecti
1054 2839 1326 2881 dicebantur
1517 2855 1664 2898 mentum
1694 2858 1787 2884 certo
1811 2852 1960 2895 suppleri
1992 2861 2059 2883 non
2082 2860 2203 2893 posse,
2234 2850 2380 2893 ideoque
2402 2860 2443 2883 eo
2466 2849 2546 2882 nibil
