2720 3402
2452 122 2548 172 83

191 265 276 311 ciis
318 264 483 328 populi
524 264 673 310 fiscali
715 265 939 327 pecuniae
980 274 1251 330 praeerant:
1275 268 1335 330 ⁶⁴)
1384 269 1463 316 alii
1504 269 1681 316 Romae
1723 269 1885 315 fiscum
1928 266 2335 314 administrabant:
2358 267 2419 329 65)
2468 267 2549 315 alii

190 338 293 383 vice
326 338 558 400 praesidis
591 337 857 400 provincias
889 338 980 401 ipsi
1011 343 1259 403 regebant,
1283 341 1343 401 ⁰⁰)
1379 348 1432 387 ut
1463 341 1674 397 Rhaetia,
1708 340 1945 396 Noricum,
1979 339 2196 396 Thracia,
2230 341 2548 388 Mauretaniae

190 410 334 466 duae,
358 410 417 472 ⁶²)
458 410 659 472 Epirus,
682 410 741 472 ⁶⁸)
775 411 921 473 Alpes
955 413 1240 470 Maritimae,
1262 413 1324 474 ⁶⁹)
1356 413 1552 471 Iudaea,
1595 412 1914 474 Cappadocia,
1934 412 1993 474 ⁷⁰)
2026 412 2238 473 aliaeque
2270 428 2365 459 non
2396 416 2549 462 solum

189 481 409 540 minores,
442 484 528 529 sed
560 483 793 530 interdum
827 484 964 531 etiam
995 485 1354 549 proconsulares
1386 485 1655 548 provinciae
1679 485 1737 548 ⁷¹)
1770 486 1826 531 ab
1861 484 2093 547 equitibus
2126 484 2546 549 cohibebanturfl)

189 556 342 617 Atque
375 558 489 612 hae,
522 557 571 601 ni
604 558 767 613 fallor,
805 559 1115 620 amplissimae
1147 559 1257 605 illae
1291 557 1777 620 et‘splendidissim‘ae
1810 558 2162 619 procurationes
2195 565 2328 616 sunt,
2363 558 2546 621 quibus,

189 629 268 689 qui
301 629 594 689 equestribus
637 630 813 676 militiis
848 632 1057 699 omnibus
1090 632 1239 678 suncti
1271 636 1454 686 essent,
1481 630 1539 691 ⁷³)
1586 630 1717 690 quasi
1749 630 1989 675 nobilitate
2023 632 2215 691 quadam
2251 632 2461 693 equestri
2486 631 2545 693 ²⁴)

189 701 628 748 condecorabantur.
676 702 806 749 Inter
837 720 949 764 quas
982 705 1119 766 longe
1151 704 1371 766 princeps
1405 702 1700 764 praefectura
1725 701 1934 763 Aegypti
1966 709 2080 759 erat,
2113 703 2243 749 cuius
2275 705 2544 765 praefectus

188 774 461 835 Augustalis
486 775 544 836 ⁷⁵)
578 775 681 821 loco
713 791 875 837 regum
904 777 1169 838 Aegyptum
1205 776 1471 838 copiasque,
1504 774 1670 835 quibus
1704 781 2012 830 coerceretur,
2046 773 2154 819 inde
2188 791 2215 820 a
2245 775 2304 821 1).
2330 777 2543 838 Augusto

187 844 408 902 obtinuit3
441 847 566 908 apud
598 863 734 908 quem
766 849 871 910 lege
904 849 992 910 agi,
1025 849 1247 909 cuiusque
1280 848 1468 894 decreta
1501 846 1697 909 perinde
1729 845 1891 891 haberi
1924 845 2004 891 ille
2037 844 2251 903 iusserat,
2285 863 2338 893 ac
2370 847 2411 894 si
2443 865 2542 895 ma—

186 916 410 978 gistratus
442 918 640 963 Romani
673 920 1033 966 constituissent.
1059 921 1117 982 ⁷⁶)

394 992 491 1037 Sed
531 992 607 1037 hic
649 994 848 1038 fortasse
890 994 1118 1054 quispiam
1153 992 1349 1049 dixerit,
1392 991 1540 1037 fuisse
1574 990 1759 1050 quidem
1792 989 1931 1034 etiam
1964 989 2012 1034 in
2046 989 2121 1035 his
2165 990 2334 1036 officiis
2376 992 2540 1040 domus

186 1063 426 1126 Augustae
469 1070 517 1110 et
558 1064 829 1125 dignitatem
861 1064 1083 1125 aliquam,
1126 1069 1175 1111 et
1207 1063 1382 1111 ordinis
1424 1060 1654 1122 equestris
1688 1061 2010 1121 splendorem,
2054 1078 2206 1122 neque
2239 1069 2393 1108 tamen
2425 1064 2541 1110 haec

187 1151 293 1183 esse
326 1151 430 1183 cum
462 1135 698 1183 curulibus
730 1135 1075 1199 magistratibus
1107 1134 1256 1196 iisque
1290 1134 1542 1183 honoribus
1575 1134 1897 1195 comparanda,
1933 1150 2049 1195 quos
2083 1134 2174 1181 viri
2207 1136 2430 1182 senatorii
2463 1153 2540 1183 ce-

186 1208 366 1271 perint:
414 1208 675 1270 Augustum
716 1208 872 1271 ipsum
912 1207 962 1253 in
1001 1207 1267 1270 provincias
1310 1223 1417 1255 suas
1459 1206 1658 1253 maiores
1700 1207 1981 1253 Consulares
2014 1207 2404 1269 Praetoriosque,
2446 1224 2540 1257 non

190 1390 236 1431 θ’)
259 1398 293 1421 v.
317 1388 439 1422 Dionis
461 1388 559 1421 locos
582 1393 652 1421 not.
675 1388 728 1423 61.

189 1454 236 1495 θ’)
259 1453 353 1484 Suet.
378 1451 497 1484 Claud.
520 1452 574 1485 28.

191 1519 238 1559 ”)
255 1517 354 1591 „2²55
355 1517 835 1601 ⁸i·1¹³⁵.q':.‘÷:2{'·;32.÷¹1÷¹3:„‘¹::.‘:”¹
880 1516 1261 1601 iffffi‘iii‘sff‘ss'ffl‘.
1277 1516 1323 1590 ³1¹:

802 1582 810 1589 .
914 1582 922 1589 .
959 1581 969 1598 ,
1138 1581 1146 1589 .
1262 1581 1270 1589 .
1313 1579 1322 1588 .

230 1570 408 1637 1,)τιιεείᾶίε
430 1612 554 1635 nomen
577 1584 736 1646 ggnerale
759 1606 829 1635 est:
855 1611 965 1644 eoque
988 1606 1022 1635 et
1045 1599 1268 1644 proconsules
1290 1605 1325 1634 et

230 1647 333 1689 legati
347 1646 502 1678 Caesaris
524 1651 559 1677 et
581 1656 697 1677 omnes
720 1646 914 1686 provincias
936 1650 1103 1687 regentes,
1126 1644 1233 1675 licet
1256 1654 1321 1675 se-

231 1693 421 1722 natores
444 1689 551 1730 sint,
574 1687 748 1732 praesides
770 1686 990 1731 appellantur.
1025 1685 1243 1721 Proconsulis
1265 1696 1323 1731 ap-

231 1734 371 1776 pellatio
403 1733 560 1774 specialis
590 1738 650 1764 est.
702 1732 874 1772 Lamprid.
907 1732 1003 1763 Alex.
1032 1733 1114 1763 Sev.
1146 1731 1207 1762 24:
1240 1731 1323 1761 Pro-

231 1776 361 1807 vincias
391 1775 580 1817 praetorias
612 1773 830 1817 praesidiales
861 1773 1020 1816 plurimas
1050 1772 1149 1812 fecit,
1178 1780 1322 1815 procon-

230 1818 362 1853 sulares
392 1829 435 1852 ex
464 1823 601 1852 senatus
632 1816 807 1851 voluntate
830 1816 1009 1850 ordinavit.
1055 1815 1097 1849 cf.
1122 1815 1265 1858 Capitol.
1289 1826 1321 1848 v.

230 1862 337 1894 Probi
370 1863 421 1895 13.
474 1861 616 1893 Salmas.
648 1860 692 1892 ad
722 1861 837 1903 Spart.
866 1860 971 1892 fladr.
1006 1861 1057 1893 13.
1113 1859 1257 1902 Capitol.
1286 1868 1320 1890 v.

229 1905 312 1938 Veri
335 1907 365 1939 4.
411 1904 560 1948 Savigny
585 1903 624 1937 G.
649 1903 680 1936 d.
703 1902 744 1935 R.
769 1902 808 1936 R.
832 1903 876 1936 im
898 1901 1070 1935 Mittelalt.
1097 1902 1127 1943 l,
1150 1913 1181 1945 p.
1207 1902 1258 1934 74.

189 1968 387 2046 θ’)ΗῡΙεἿΙιίἕ
408 1977 443 2043 xi.
466 1967 544 2000 Tac.
568 1967 609 1999 Η.
635 1967 650 1998 1
663 1990 673 2006 ,
708 1968 756 2000 11.
801 1966 845 1998 de
867 1965 1087 2016 Mauretania⁴
1106 1965 1207 1998 etiam
1229 1964 1319 1998 Plin.

263 2037 271 2045 .
330 2036 339 2044 .
384 2036 395 2052 ‚
440 2035 449 2043 .

190 2077 236 2119 ⁰⁸)
259 2076 389 2118 Arrian.
411 2073 521 2117 Epict.
544 2074 576 2113 3,
598 2069 631 2107 4'.

189 2142 235 2184 ⁶⁹)
259 2138 370 2174 oren.
394 2139 496 2172 lnscr.
520 2148 551 2170 ιι.
574 2138 670 2171 3331.
712 2135 754 2169 cf.
777 2147 809 2169 n.
832 2136 919 2171 2156

191 2206 235 2247 ²⁰)
259 2203 359 2238 Quan
385 2214 461 2235 uam
490 2201 576 2232 haec
653 2206 726 2232 stea
759 2200 892 2231 demum
922 2198 1064 2241 imperio
1094 2197 1218 2229 addita.
1274 2197 1316 2228 cf.

230 2247 325 2280 Suet.
381 2257 453 2289 esp.
477 2246 508 2280 8.
553 2243 622 2277 1)ἰο
646 2244 700 2285 57,
732 2245 782 2278 17.
827 2242 883 2277 De
905 2240 1030 2275 Iudaea
1059 2250 1093 2274 v.
1117 2240 1253 2274 Walter
1277 2239 1316 2273 R.

231 2291 273 2322 R.
297 2301 330 2332 p.
353 2290 416 2323 317
440 2294 508 2321 ιιοῑ.
531 2287 584 2318 22.
1046 2298 1047 2301 =

192 2355 236 2395 ¹¹)
261 2352 536 2383 Procurator
570 2348 832 2392 provinciae
866 2347 1019 2384 Asiae,
1051 2355 1170 2387 quam
1206 2354 1316 2376 man-

233 2395 335 2430 datu
368 2393 592 2436 Principis
623 2392 721 2426 vice
754 2390 954 2425 defuncti
983 2388 1165 2423 Procos.
1189 2387 1316 2421 rexit.

232 2450 287 2482 up.
312 2438 420 2472 Orell.
443 2438 543 2469 inser.
567 2447 598 2467 n.
611 2435 707 2469 3651.
732 2435 774 2466 cf.
788 2434 910 2466 Morini
922 2433 991 2464 Atti
1007 2434 1035 2472 Ι,
1052 2442 1085 2474 p.
1098 2432 1130 2464 5.
1153 2433 1185 2471 2,
1198 2441 1231 2474 p.
1244 2430 1316 2464 763.

193 2502 561 2581 ”wabmffiz-
603 2500 739 2577 5ξὲ
757 2499 1047 2581 53555202325522‘
1067 2498 1315 2573 ἐῆεὲῖῑσεε·

233 2592 325 2636 δρας,
347 2591 392 2624 εἷς
406 2556 498 2623 ἃζδὲ
521 2554 762 2636 σιμέιζτηγικοῠς,
785 2572 823 2617 ε1
833 2596 848 2619 ς
870 2584 916 2619 ἃς
927 2573 985 2617 ’δὲ
1008 2595 1028 2616 κ
1038 2584 1081 2616 αἱ
1104 2584 1149 2616 in
1159 2594 1230 2615 πικ
1239 2584 1283 2614 ου’
1292 2592 1316 2616 ς.

232 2633 268 2666 1η
287 2630 560 2672 inscriptionibus
582 2629 701 2672 legitur
724 2628 753 2660 P
763 2637 808 2659 ro
818 2637 862 2658 cu
874 2637 917 2658 ra
928 2631 969 2658 to
980 2636 997 2657 r
1018 2626 1059 2658 vi
1069 2636 1087 2658 c
1096 2636 1115 2657 e
1138 2625 1167 2658 P
1177 2635 1193 2657 r
1202 2636 1222 2657 a
1231 2634 1251 2655 e
1260 2635 1275 2656 s
1285 2624 1295 2655 i
1304 2641 1315 2647 -

234 2676 320 2716 dis,
343 2673 616 2707 Procurator
638 2676 680 2704 et
704 2670 913 2709 Praeses,
937 2669 1209 2703 Procurator
1231 2678 1316 2700 cum

264 2723 306 2750 ot
317 2722 411 2749 esta
422 2721 461 2747 te
484 2715 603 2759 gladi
614 2716 634 2746 i.
666 2714 706 2745 V.
720 2714 844 2745 Marini
858 2714 928 2744 Atti
941 2714 973 2751 ⁶2,
987 2722 1019 2754 p.
1032 2713 1106 2745 547.
1123 2711 1188 2745 623
1201 2721 1233 2743 u.
1244 2711 1317 2744 254.

275 2759 392 2795 orcelli
420 2759 441 2793 l.
463 2759 486 2793 l.
509 2760 542 2799 2,
569 2769 602 2802 p.
624 2756 678 2791 62.
723 2756 797 2790 Huc
822 2756 988 2799 pertinent
1019 2755 1119 2789 etium
1150 2754 1317 2788 civitatum

232 2805 416 2848 praefecti,
439 2804 494 2845 qui
517 2803 596 2834 olim
620 2812 639 2833 e
661 2800 833 2832 senatorio
856 2799 975 2831 ordine
985 2823 995 2838 ,
1021 2804 1143 2840 postea
1165 2809 1205 2830 ex
1231 2797 1319 2838 equi-

232 2849 320 2881 tibus
342 2846 433 2880 missi
454 2850 541 2879 sunt.
576 2843 677 2878 Unde
700 2843 733 2875 in
756 2842 898 2875 nummis
914 2842 1119 2874 Graecarum
1140 2841 1320 2879 civitatum,

232 2891 430 2937 Magnesiae
462 2890 506 2923 ad
542 2887 713 2933 Sipylum,
754 2886 932 2930 Pergami,
975 2885 1105 2919 Cotiaei
1138 2884 1321 2929 Phrygiae,

1449 1387 1626 1426 varnae,
1638 1386 1756 1425 Gordi,
1771 1385 1984 1418 inveniuntur
1991 1387 2135 1420 Ἶππικοὶ.
2159 1387 2372 1430 (Equestres.
2397 1391 2439 1423 cf.
2453 1391 2534 1424 Em.

1450 1430 1494 1461 ad
1510 1423 1594 1460 ‘'l'ac.
1610 1430 1697 1460 Ann.
1724 1428 1774 1468 12,
1796 1430 1866 1470 oo.)
1890 1440 1923 1460 v.
1942 1429 2096 1461 Mionnet
2119 1431 2228 1473 suppl.
2252 1432 2328 1463 Vol.
2343 1432 2388 1464 ix
2411 1434 2443 1465 in
2467 1435 2535 1467 ind.

1450 1477 1484 1506 et
1507 1472 1607 1506 inscr.
1630 1483 1683 1516 ap.
1709 1471 1802 1505 Grut.
1828 1484 1861 1516 p.
1885 1471 1969 1513 388,
1999 1474 2030 1505 4.
2075 1478 2114 1508 A.
2136 1476 2199 1507 Κλ.
2229 1475 2296 1512 υἱὸς
2317 1480 2393 1510 Koa.
2422 1479 2538 1515 ἱππεύς

1448 1519 1632 1559 Ῥωμαίων,
1654 1518 1783 1560 πρῶτος
1804 1518 2000 1549 Μελιταίων.

1409 1579 1453 1624 ²³)
1476 1578 1570 1612 Suet.
1594 1577 1635 1610 V.
1659 1577 1779 1611 Plinii:
1812 1576 2034 1621 Equestribus
2057 1578 2181 1613 militiis
2213 1579 2376 1614 industrie
2407 1580 2539 1617 functus

1448 1623 1707 1671 procurationes
1731 1632 1864 1662 quoque
1886 1623 2173 1663 splendidissimas
2198 1634 2329 1657 summa
2350 1625 2540 1669 integritate

1448 1665 1705 1697 administravit.
1751 1663 1793 1695 cf.
1819 1664 1907 1696 Plin.
1931 1674 2006 1709 epp.
2030 1665 2061 1707 7,
2084 1666 2137 1700 25.

1409 1733 1452 1772 ¹¹⁴)
1476 1731 1557 1762 Tac.
1581 1731 1662 1771 Agr.
1685 1731 1716 1760 4.

1402 1783 1453 1838 ¹⁷⁸)
1475 1791 1517 1826 V.
1541 1791 1585 1826 de
1615 1790 1682 1825 hoc
1712 1791 1848 1836 egregie
1879 1790 2103 1836 disputantem
2130 1792 2304 1828 Letronne
2334 1794 2538 1831 recherches

1448 1847 1507 1868 sur
1536 1835 1694 1886 l'fiigypte
1729 1846 1761 1876 p.
1796 1835 1871 1868 263.
1903 1835 1968 1869 266
1998 1847 2070 1878 sqq.
2126 1838 2257 1870 Seriem
2290 1839 2538 1880 praefectorum

1446 1880 1593 1923 Aegypti
1615 1888 1647 1910 v.
1672 1888 1726 1921 ap.
1751 1876 1865 1910 Labus
1889 1878 2131 1913 dissertatione
2159 1880 2193 1914 di
2216 1891 2259 1914 un
2283 1882 2466 1925 epigraphe
2491 1883 2536 1916 la·

1446 1924 1517 1954 tino
1548 1927 1707 1965 scoperta
1736 1921 1769 1952 in
1801 1920 1832 1953 E
1857 1922 1926 1953 ‘tto¹
1980 1923 2112 1955 Milano
2144 1924 2236 1957 1826.
2289 1925 2331 1956 cs.
2364 1925 2536 1958 Letronne

1444 1964 1593 2041 {⁰⁰1}ss
1589 1963 1651 1994 des
1673 1964 1806 2039 ¹S‘Qadwanzr.
1858 1963 1924 1998 826
1945 1975 1978 2007 p.
2001 1964 2066 1998 684
2088 1976 2160 2008 sqq.
2206 1964 2334 1999 Osann.
2357 1967 2444 2000 nan.
2468 1968 2533 2001 Lit.

1475 2032 1482 2039 .
1614 2016 1645 2038 n.
1736 2030 1744 2037 .

1405 2071 1448 2113 ²⁶)
1471 2069 1550 2103 Tac.
1564 2069 1650 2100 Anu.
1676 2068 1728 2107 12,
1751 2068 1803 2102 60.
1841 2068 1996 2102 Ceterum
2020 2070 2245 2102 memorabilis
2267 2076 2319 2103 est
2341 2071 2386 2103 ad
2409 2083 2533 2115 cogno·

1443 2112 1589 2188 {cendqs
1611 2110 1740 2186 gaam?
1757 2112 1924 2187 eqnnggtrlis
1947 2113 2117 2155 dignitatis
2140 2112 2239 2145 inser.
2252 2124 2306 2157 ap.
2320 2113 2446 2148 Marini
2461 2117 2531 2149 Atti

1523 2179 1531 2187 .
1578 2179 1585 2185 .
1686 2164 1706 2185 e
1733 2164 1796 2185 in.
1864 2165 1884 2186 a
1916 2165 1925 2185 ι

1465 2166 1523 2228 ²3.
1546 2196 1733 2227 Minicio
1758 2194 1794 2226 c,
1818 2195 1880 2227 su.

1486 2239 1575 2272 Vel.
1600 2237 1717 2271 Italo
1741 2236 1800 2271 llll
1824 2238 1922 2270 viro
1946 2236 1970 2270 1.
1994 2236 2036 2270 1).

1484 2281 1621 2324 praef.
1645 2280 1734 2312 coh.
1758 2280 1789 2311 V
1813 2280 1980 2312 Gallor.
2004 2281 2134 2322 equit.

1487 2324 1622 2366 praef.
1647 2322 1737 2353 coh.
1768 2321 1781 2352 1
1813 2321 2024 2354 Breucor.
2048 2324 2180 2363 equit.
2205 2323 2242 2355 C.
2266 2325 2308 2356 R.

1486 2364 1623 2411 praef.
1648 2363 1739 2397 coh.
1764 2362 1791 2397 ll
1815 2363 2533 2413 Varc.eq.trib.milit.leg.Vlvict.

1485 2410 1617 2452 praef.
1640 2409 2533 2451 eq.alaelsing.C.R.donisdonatoaDivo

1485 2452 1767 2495 Vespasiano
1791 2460 1936 2484 coron.
1961 2462 2095 2485 aurea
2118 2452 2225 2487 hast.
2249 2465 2338 2498 pur.

1484 2506 1601 2538 proc.
1622 2495 1817 2537 provinc.
1837 2495 2250 2538 Hellespont.proc.
2271 2500 2534 2540 provinciae

1529 2538 1658 2570 Asiae
1682 2547 1807 2580 quam

1456 2581 1690 2614 'mandatu
1725 2581 1948 2623 principis
1981 2582 2082 2614 vice
2116 2582 2320 2616 defuncti
2354 2583 2532 2618 Procos.

1529 2625 1650 2656 rexit
1674 2629 1900 2667 procurat.
2006 2620 2014 2629 “

1485 2668 1820 2710 provinciarum
1843 2667 2150 2711 Lugdunensis
2172 2676 2213 2702 et
2236 2671 2535 2711 Aquitanicae

1527 2711 1630 2743 item
1653 2711 1882 2743 Lactorae

1487 2753 1727 2796 praefecto
1751 2764 1951 2787 annonae
1973 2753 2210 2797 praefecto
2233 2755 2439 2799 Aegypti.

1444 2796 1561 2830 Praef.
1585 2798 1658 2839 Aeg
1684 2798 1730 2839 pti
1754 2803 1875 2839 postea
1898 2797 2004 2838 praef.
2027 2803 2133 2839 praet.
2157 2798 2279 2829 factum
2302 2809 2400 2839 esse,
2422 2811 2534 2832 exem·

1445 2839 1535 2882 plum
1570 2839 1653 2873 Basi
1668 2840 1734 2873 iani
1768 2840 1934 2881 ostendit,
1968 2850 2065 2883 quem
2098 2838 2271 2873 Macrinus
2306 2841 2385 2877 loco
2419 2842 2534 2878 iuliani

1447 2883 1655 2926 praefectum
1679 2890 1787 2928 praet.
1812 2884 2057 2928 designaverat.
2103 2884 2170 2917 Dio
2194 2886 2248 2925 78,
2272 2886 2326 2920 35.

1938 2943 2013 2980 11·
