2720 3402
2440 134 2529 184 42

180 291 496 348 quaereretur.
560 284 696 347 Quae
727 299 805 329 res
837 298 976 345 quum
1007 299 1163 348 paene
1192 300 1220 330 a
1251 290 1417 331 senatu
1449 283 1751 330 disiunxisset
1772 282 2046 345 ·equites,⁶²)
2079 280 2198 328 illud
2230 288 2532 327 senatuscon-

181 360 352 404 sultum
387 374 527 418 aegre
559 358 782 412 ferentes,
815 358 1022 414 accessit,
1054 357 1178 418 quod
1210 357 1389 411 Asiani,
1412 356 1473 417 ⁶⁸)
1506 357 1584 417 qui
1616 357 1675 401 de
1708 356 1978 402 censoribus
2011 358 2347 409 conduxerant,
2379 352 2532 413 questi

178 438 289 478 sunt
319 431 368 478 in
401 437 590 488 senatu,
634 446 687 477 se
720 429 970 492 cupiditate
1001 431 1251 493 prolapsos
1293 427 1486 476 nimium
1518 445 1682 492 magno
1716 428 2019 485 conduxisse,
2065 428 2533 492 postulaveruntque,

177 509 229 551 ut
260 502 559 551 induceretur
589 502 840 566 locatioffl)
897 503 1036 566 Quod
1068 508 1121 549 ut
1152 501 1381 549 auderent
1412 503 1666 564 postulare,
1700 502 1913 548 Caesaris
1945 502 2149 564 impulsu
2181 501 2382 553 Crassus
2415 497 2533 544 effe·-

177 577 396 636 cerat‚²⁰)
429 590 746 636 summumque
778 583 891 632 erat,
924 591 1009 631 ne,
1042 576 1084 621 si
1115 575 1235 620 nihil
1253 575 1622 637 impetrassent,
1655 575 1794 636 plane
1828 575 2140 620 alienarentur
2171 590 2198 619 a
2230 581 2412 626 senatu,
2445 586 2532 632 pe-

177 649 389 695 riculum.
463 648 773 709 Quamobrem
815 647 1035 708 princeps
1076 647 1202 694 inter
1243 646 1482 693 adiutores
1523 662 1708 703 eorum,
1750 645 1960 706 quamvis
2003 651 2052 691 et
2089 644 2322 691 invidiosa
2359 659 2439 690 res
2483 649 2533 688 et

178 719 330 782 turpis
353 719 607 783 postulatio
631 726 745 777 erat,
777 719 944 766 Cicero
971 718 1184 779 exstitit„
1199 718 1435 780 multaque
1467 718 1517 766 in
1549 725 1714 766 senatu
1747 719 1805 764 de
1839 717 2053 764 ordinum
2086 716 2306 779 dignitate
2338 723 2387 762 et
2417 730 2531 762 con-

178 792 337 840 cordia
368 792 510 850 dixit,
553 792 908 854 conglutinatam
942 808 970 837 a
1002 807 1054 837 se
1098 791 1393 838 concordiam
1429 792 1641 839 ordinum
1674 790 1822 837 tuitus
1835 826 1846 847 ‚
1890 791 1956 836 ita
1986 797 2165 845 tamen,
2207 795 2259 834 ut
2290 803 2425 849 quam
2456 788 2530 833 in-

178 865 312 911 firma
343 881 399 911 ea
430 873 570 922 esset,
603 881 695 911 non
729 865 977 926 ignoraret.
1004 863 1063 925 ²¹)
1127 862 1323 911 Obstitit
1353 864 1413 910 iis
1445 865 1668 911 Metellus
1703 864 1857 919 Celer,
1891 863 1969 908 Cs.
2003 861 2287 924 designatus,
2321 868 2369 906 et
2400 861 2531 926 Cato,

178 937 256 999 qui
303 954 579 1001 responsum
625 936 686 984 iis
727 954 755 985 a
797 942 961 984 senatu
1002 936 1103 984 dari
1142 951 1237 984 non
1270 944 1445 1000 'passus
1487 945 1575 985 est.
1640 937 1775 984 Acta.
1798 953 1877 983 res
1921 942 1995 983 est
2029 934 2137 982 Kal.
2170 931 2532 981 Decembribus=

176 1010 283 1057 Kal.
316 1010 584 1057 Februariis
618 1010 725 1056 anni
757 1010 993 1071 sequentis
1027 1010 1192 1056 Cicero
1226 1010 1285 1056 ad
1315 1011 1413 1056 Att.
1450 1011 1492 1068 1,
1530 1011 1603 1067 18,
1636 1010 1669 1055 7
1709 1044 1736 1067 ,,
1750 1010 1908 1067 Unus,
1943 1008 2117 1069 inquit,
2152 1015 2249 1064 est,
2294 1006 2373 1067 qui
2403 1011 2535 1051 curet

177 1083 434 1130 constantia
464 1083 610 1145 magis
643 1089 691 1128 et
721 1082 1013 1144 integritate,
1046 1098 1203 1143 quam,
1236 1090 1289 1128 ut
1319 1082 1433 1128 mihi
1465 1083 1666 1140 videtur,
1701 1082 1896 1129 consilio
1930 1089 2011 1127 aut
2041 1081 2247 1143 ingenio,
2280 1080 2423 1135 Cat03
2456 1077 2535 1138 qui

178 1156 376 1202 miseros
407 1155 704 1218 publicanoS,
722 1211 725 1214 y
746 1169 862 1215 quos
895 1154 1056 1199 habuit
1088 1154 1426 1200 amantissimos
1460 1155 1557 1212 sui,
1598 1156 1787 1201 tertium
1820 1156 1911 1200 iam
1942 1170 2150 1200 mensem
2181 1158 2382 1209 vexat“‚
2425 1165 2537 1197 ean-

178 1230 374 1289 demque
408 1227 685 1274 sententiam
719 1226 1009 1271 confirmavit
1048 1226 1108 1271 de
1141 1225 1222 1271 off.
1256 1226 1310 1282 3,
1347 1227 1433 1283 22,
1465 1227 1543 1273 88.
1608 1228 1749 1288 „Ego
1783 1242 1887 1283 cum
1918 1228 2094 1272 Catone
2136 1242 2280 1289 saepe
2315 1222 2534 1270 dissensi.

177 1300 329 1346 Nimis
371 1300 485 1345 mihi
527 1298 791 1360 praefracte
833 1297 1081 1344 videbatur
1122 1297 1351 1344 aerarium
1394 1299 1729 1361 vectigaliaque
1763 1300 2018 1345 defendere
2032 1333 2043 1354 ,
2087 1299 2240 1344 omnia
2271 1294 2533 1359 publicanis

175 1388 372 1432 negare,
416 1387 556 1431 quum
587 1371 636 1415 in
668 1371 756 1415 hos
789 1370 988 1415 benefici
1026 1385 1133 1416 esse
1166 1370 1470 1426 deberemuS‚
1513 1387 1662 1431 eoque
1695 1372 1865 1432 magis,
1907 1371 2031 1430 quod
2062 1371 2143 1415 illa
2175 1372 2387 1416 ordinum
2420 1382 2532 1412 con-

178 1444 355 1490 iunctio
398 1445 456 1489 ad
499 1444 697 1489 salutem
738 1442 1024 1504 reipublicae
1056 1441 1321 1504 pertinebat
1331 1446 1385 1499 3⁶⁶
1429 1449 1477 1488 et
1509 1444 1600 1489 alio
1633 1445 1738 1489 loco
1770 1445 1828 1489 ad
1859 1445 1957 1489 Att.
1991 1443 2046 1495 2,
2091 1444 2144 1498 1,
2182 1444 2215 1488 7
2255 1458 2350 1488 non
2381 1440 2533 1487 minus

181 1533 287 1563 esse
331 1516 444 1562 dicit
485 1516 770 1578 probandam
803 1514 1103 1570 medicinam,
1147 1530 1267 1574 quae
1298 1523 1431 1562 sanet
1473 1516 1667 1562 vitiosas
1708 1525 1865 1577 partes
1898 1515 2207 1576 reipublicae,
2251 1530 2387 1574 quam
2418 1527 2536 1572 quae

180 1595 385 1637 exsecet.
449 1588 580 1635 Nihil
610 1587 926 1650 impudentius
960 1587 1145 1648 quidem
1190 1603 1295 1634 esse
1338 1588 1596 1650 publicanis
1629 1588 1996 1650 repudiantibus
2061 1587 2159 1635 Sed
2191 1595 2346 1637 tamen
2389 1583 2537 1631 fuisse

178 1662 412 1711 retinendi
445 1661 622 1710 ordinis
655 1676 819 1707 caussa
851 1660 1111 1708 faciendam
1142 1659 1379 1707 iacturam.
1436 1662 1536 1709 Iam
1568 1669 1667 1709 tum
1701 1662 1960 1708 fremebant
1992 1660 2172 1722 equites
2207 1666 2417 1707 senatum
2449 1656 2536 1702 im-

178 1735 357 1798 pediri,
390 1734 635 1796 quominus
667 1733 741 1789 id,
774 1734 900 1792 quod
931 1733 1143 1780 hostibus
1177 1739 1278 1779 erat
1310 1733 1557 1792 tributum,
1590 1750 1866 1796 responsum
1899 1735 2176 1785 redderetur
2209 1731 2455 1794 equitibus.
2477 1729 2536 1790 72)

178 1810 334 1871 Quum
383 1814 537 1853 autem
584 1821 672 1867 per
718 1812 869 1852 totum
910 1806 1042 1852 illum
1084 1821 1252 1852 annum
1293 1807 1579 1868 publicanis,
1629 1808 1839 1868 quamvis
1882 1823 2025 1868 saepe
2067 1806 2336 1869 petentibus
2360 1805 2418 1865 ⁷³)
2460 1818 2536 1848 re-

177 1896 400 1942 sponsum
432 1879 548 1924 nihil
581 1884 731 1933 esset,
773 1884 871 1923 tum
904 1895 1019 1923 vero
1052 1880 1192 1939 plane
1223 1884 1253 1923 a
1284 1886 1450 1924 senatu
1481 1880 1662 1940 equites
1697 1880 1887 1925 alienati
1918 1886 2039 1925 sunt.
2107 1879 2226 1935 „Sic
2259 1879 2339 1924 ille
2373 1891 2536 1930 annus,

177 1953 342 2000 Cicero
369 1950 433 1997 ait
464 1949 522 1996 ad
552 1949 648 1995 Att.
685 1949 727 2005 l,
763 1947 836 2004 18,
870 1948 914 1994 3.
948 1950 1041 1996 cluo
1074 1949 1363 1995 firmamenta
1393 1950 1680 2013 reipublicae
1711 1968 1799 2013 per
1831 1968 1906 1997 me
1940 1967 2079 1997 unum
2114 1951 2365 1997 constituta
2398 1963 2535 1995 ever-

177 2025 258 2082 tit3
305 2039 412 2070 nam
454 2028 502 2069 et
543 2027 733 2068 senatus
777 2021 1099 2067 auctoritatem
1140 2020 1310 2066 abiecit
1352 2028 1401 2067 et
1442 2023 1657 2069 ordinum
1700 2023 1992 2069 concordiam
2035 2023 2262 2069 disiunxit
2272 2027 2316 2067 ⁶⁴.
2379 2021 2534 2079 Atque

179 2098 345 2145 eodem
381 2111 524 2151 anno,
569 2109 709 2154 quum
740 2092 798 2139 L.
831 2092 1025 2139 Flavms
1069 2098 1127 2138 tr.
1170 2093 1235 2154 pl.
1277 2092 1384 2153 lege
1427 2094 1609 2155 agraria
1650 2094 1698 2140 in
1732 2095 2125 2155 Pompeianorum
2166 2094 2365 2141 militum
2406 2108 2534 2138 com-

177 2169 365 2218 modum
405 2166 696 2231 promulgata
736 2164 1033 2211 resistentem
1075 2163 1165 2209 sibi
1200 2178 1303 2209 cum
1337 2165 1634 2228 optimatibus
1667 2166 1910 2211 Metellum
1944 2167 2183 2212 consulem
2216 2166 2266 2212 in
2297 2179 2534 2229 carcerem

178 2241 469 2296 coniecisset,
494 2239 552 2301 ⁷⁴)
587 2253 725 2299 quum
757 2239 933 2284 nullum
966 2238 1072 2292 iam,
1105 2237 1259 2281 soluta
1293 2237 1504 2282 ordinum
1537 2240 1796 2293 concordia,
1830 2247 1991 2283 contra
2024 2240 2276 2284 seditiosos
2310 2239 2538 2283 auxilium

177 2321 328 2369 esset,
375 2313 450 2357 his
491 2312 649 2357 verbis
692 2311 750 2355 ad
771 2312 887 2375 *Ata
920 2311 975 2364 2,
1027 2310 1078 2364 l,
1127 2308 1158 2353 6
1190 2309 1315 2354 idem
1357 2320 1634 2370 conquestus
1669 2321 1766 2355 est:
1817 2312 1992 2365 „Nunc
2024 2328 2140 2357 vero
2174 2311 2408 2370 equitatus
2441 2312 2538 2365 ille,

178 2402 315 2447 quem
358 2399 446 2445 ego
487 2382 536 2430 in
578 2382 702 2430 clivo
735 2381 999 2445 Capitolino
1041 2387 1089 2429 te
1131 2380 1358 2443 signifero
1391 2399 1444 2430 ac
1477 2384 1689 2446 principe
1723 2383 1998 2431 collocaram
2012 2420 2024 2441 ‚
2068 2390 2282 2432 senatum
2314 2382 2538 2430 deseruit.

181 2536 226 2576 ⁶¹)
251 2532 321 2564 Cic.
344 2530 388 2577 ad
410 2530 480 2562 Aa.
506 2529 545 2568 l,
571 2528 630 2568 17,
653 2528 684 2560 8.
731 2527 774 2560 cs.
798 2526 842 2559 ad
864 2528 933 2560 Au.
961 2527 990 2568 Ι,
1016 2526 1068 2567 16,
1090 2525 1131 2559 6:
1163 2526 1317 2569 „Reipw
1395 2529 1439 2571 ⁶⁸)
1464 2527 1504 2560 cf.
1530 2527 1574 2559 de
1599 2525 1662 2557 hac
1687 2537 1725 2560 re
1748 2509 1866 2561 brum.
1892 2529 1925 2570 3,
1949 2541 1979 2573 p.
2004 2529 2071 2561 209
2093 2539 2167 2571 sqq.
2214 2529 2256 2562 ef.
2281 2540 2313 2572 p.
2341 2528 2410 2562 195.
2449 2527 2479 2559 2.
2503 2539 2535 2570 p.

222 2576 330 2608 blicae
352 2578 474 2607 statum
496 2572 607 2612 illum,
642 2581 740 2616 quem
765 2576 800 2603 tu
824 2581 900 2603 meo
924 2570 1085 2611 consilio,
1116 2581 1180 2614 ego
1203 2570 1317 2603 divium
1433 2571 1486 2604 27.
1509 2570 1575 2604 218
1597 2569 1713 2604 Garat.
1738 2573 1783 2608 ad
1807 2572 1876 2606 Cic.
1901 2584 1951 2616 pr.
1976 2573 2094 2606 Plane.
2121 2573 2172 2606 14.

223 2617 456 2651 confirmatum
477 2615 645 2659 putabam,
666 2615 721 2657 qui
740 2615 904 2647 bonon-nn
919 2615 1066 2647 omnium
1086 2614 1318 2647 coniunctione
1394 2634 1438 2673 5,)
1462 2630 1523 2663 Cic
1554 2630 1599 2663 ad
1624 2631 1682 2662 An
1721 2631 1735 2663 ι
1777 2632 1815 2663 17
1851 2632 1873 2664 9
1943 2643 1951 2663 ι
2004 2631 2045 2665 Μ
2121 2632 2165 2665 30
2198 2630 2242 2664 62

223 2668 256 2695 et
279 2660 479 2694 auctoritate
502 2658 694 2692 consulatus
717 2658 782 2691 mei
813 2656 903 2690 fixus
930 2662 965 2689 et
998 2657 1157 2690 fundatus
1181 2657 1316 2690 videba-
1396 2692 1406 2698 ⁵
1462 2690 1470 2697 ‚
1523 2655 1538 2697 ζ
1685 2656 1692 2663 ·
1741 2656 1750 2672 ³
1819 2657 1828 2700 J
1878 2657 1886 2664 ·
1920 2643 1980 2698 „1¹²-
2047 2643 2097 2694 ffl'n·
2166 2656 2175 2672 ‚
2243 2656 2250 2663 ·

224 2711 289 2746 tur,
313 2704 376 2738 nisi
399 2703 453 2746 qui
476 2707 538 2735 nos·
561 2702 645 2735 deus
668 2700 870 2744 respexerit,
893 2699 1045 2743 elapsum
1069 2700 1154 2733 scito
1177 2710 1254 2733 esse
1274 2700 1317 2733 de
1398 2692 1440 2732 ⁴⁰)
1462 2688 1505 2721 ¹⁶·
1528 2689 1562 2721 'b
1609 2689 1651 2721 Cf·
1676 2689 1794 2723 Drum·
1818 2691 1852 2731 ὅ,
1878 2690 1950 2723 Ῑ9ὖ·

222 2748 373 2782 manibus
396 2757 462 2779 nno
485 2745 551 2778 boc
573 2745 735 2784 iudicio“,
759 2744 802 2776 ad
827 2744 893 2776 Ant.
920 2743 955 2783 l,
982 2742 1034 2783 19,
1057 2743 1100 2776 6:
1131 2743 1233 2783 „Sed
1256 2754 1315 2785 po-
1394 2749 1438 2790 τι)
1462 2746 1531 2780 Cic,
1553 2746 1576 2787 1,
1601 2747 1621 2779 ι,

223 2798 396 2835 steaquam
427 2789 567 2833 primum
591 2787 701 2822 Clodii
732 2786 946 2840 absolutione
976 2786 1149 2820 levitatem
1180 2785 1316 2819 inssnui-
1395 2806 1438 2849 72)
1463 2805 1532 2839 mc·
1555 2816 1607 2849 pr.
1631 2804 1749 2840 Planc-
1777 2807 1827 2840 Η.

224 2841 392 2878 tatemque
422 2834 619 2867 iudiciorum
641 2832 819 2884 perspexi,
833 2876 842 2883 ι
855 2831 975 2863 demde
999 2830 1067 2862 vidi
1091 2835 1229 2863 nostros
1242 2840 1315 2882 qiu·
1395 2862 1422 2883 ²³
1496 2860 1505 2868 ‚

223 2879 373 2911 blicanos
397 2878 495 2911 facile
517 2888 537 2909 a
560 2881 677 2909 senam
702 2874 862 2918 disiungi,
894 2882 1092 2917 quamquam
1115 2884 1135 2906 a
1157 2884 1212 2906 me
1242 2884 1315 2916 ipso
1422 2863 1437 2903 )
1462 2859 1540 2892 ΒΝ·
1564 2859 1619 2896 38,
1644 2860 1675 2891 7·

1351 2870 1355 2897 1

223 2932 288 2955 non
312 2921 588 2955 divellerentur⁶⁴.
615 2938 652 2944 -
679 2918 753 2951 rell.
1351 2901 1357 2952 l
1395 2915 1438 2955 Ἡ)
1462 2912 1580 2945 Drum.
1605 2915 1637 2954 4,
1665 2925 1698 2957 p.
1723 2911 1797 2946 494.
