2720 3402
183 137 276 187 20

189 279 528 342 monstravi.⁴⁵)
596 279 713 325 Rem
746 278 895 340 ipsam
929 284 977 324 et
1003 277 1222 325 Valerius
1247 276 1568 339 Maximus,⁴⁰)
1602 285 1649 325 et
1679 276 1963 339 comparatio
1997 273 2275 338 scriptorum
2308 279 2552 339 utriusque

189 353 467 417 linguae,⁴⁷)
503 358 550 399 et
582 353 639 414 Q.
675 350 841 397 Cicero
877 351 1083 397 ostendit
1115 351 1173 398 de
1206 349 1340 413 petit.
1375 350 1517 398 Cons.
1550 352 1596 409 8,
1628 351 1704 398 33.
1769 350 1907 407 „Iam
1943 349 2203 411 equitum
2236 350 2552 398 centuriae

188 429 332 489 multo
386 427 567 472 facilius
618 423 862 485 diligentia
915 440 1055 485 posse
1105 423 1256 469 teneri
1307 422 1542 470 videntur.
1639 424 1895 470 Primum
1953 423 2361 483 cognoscendi
2414 431 2554 470 sunt

193 501 453 562 equiteS,
497 496 671 559 pauci
705 495 857 542 enim
891 502 1053 542 sunt:
1096 495 1265 542 deinde
1300 494 1618 556 adipiscendi:
1660 496 1804 543 multo
1838 494 1960 542 enim
1993 493 2178 540 facilius
2211 494 2303 541 ista
2344 495 2552 543 adole-

190 572 576 619 scentulorum
610 569 671 614 ad
704 568 953 615 amicitiam
986 575 1115 614 aetas
1149 566 1426 628 adiungitur.
1491 567 1712 615 Deinde
1746 567 1937 614 habebis
1964 574 2117 613 tecum
2144 583 2205 613 ex
2237 567 2551 615 iuventute

190 647 412 707 optimum
462 658 693 703 quemque
743 648 792 687 et
841 640 1232 687 studiosissimum
1280 639 1594 686 humanitatis.
1675 642 1816 687 Tum
1864 647 2046 695 autem,
2097 641 2220 699 quod
2267 647 2553 700 equester

190 718 331 763 ordo
364 723 475 762 tuus
510 721 607 769 est,
642 713 884 775 (intelligit
916 712 1213 775 publicanos,
1251 711 1328 772 qui
1361 726 1454 757 nou
1489 718 1623 758 erant
1654 712 1701 759 in
1736 711 1975 774 centuriis)
2009 718 2263 772 sequentur
2293 711 2391 758 illi
2423 711 2475 773 (i.
2509 728 2551 759 e.

188 791 529 843 adolescentes,
564 786 643 847 qui
677 792 784 831 sunt
817 786 865 830 in
885 785 1048 831 XVIII
1070 783 1312 845 centuriis)
1344 783 1669 831 auctoritatem
1702 784 1957 841 ordinis,
1990 783 2031 830 si
2062 785 2145 830 abs
2177 791 2225 830 te
2259 784 2554 832 adhibebitur

187 879 243 909 ea
270 860 528 922 diligentia,
563 865 623 904 ut
654 874 767 903 non
803 857 1034 903 ordinis
1069 857 1255 903 solum
1289 856 1619 912 voluntate,
1653 858 1756 904 sed
1789 857 1965 904 etiam
1998 856 2373 918 singulorum
2407 856 2551 903 umi-

188 935 357 981 citiis
401 948 500 978 eas
544 930 851 977 centurias
895 929 1291 975 confirmatas
1333 928 1567 974 habe-as.
1632 929 1732 975 Iam
1765 930 1919 976 studia
1960 929 2550 976 adolescentulorum

187 1009 236 1054 in
270 1005 596 1066 suffragando,
630 1003 679 1048 in
713 1003 951 1057 obeundo,
985 1002 1033 1047 in
1066 1000 1345 1054 nuntiando,
1378 1000 1427 1046 in
1460 1003 1736 1048 assectando
1771 1003 1965 1048 mirifice
1999 1008 2047 1048 et
2078 1018 2242 1063 magna
2275 1008 2323 1047 et
2354 1002 2554 1049 honesta

189 1086 298 1128 sunt
309 1082 354 1125 “.
421 1077 560 1139 Quod
595 1075 799 1121 secundo
833 1076 937 1121 loco
972 1073 1108 1129 dicit,
1151 1075 1207 1120 ab
1243 1072 1622 1120 adolescentibus
1655 1074 1773 1136 ipsis
1807 1068 2169 1134 adolescentium
2211 1074 2444 1121 centurias
2480 1075 2552 1121 fa-

189 1154 277 1199 cile
312 1148 562 1203 conciliari,
596 1146 699 1193 eius
733 1147 1000 1209 exemplum
1033 1151 1108 1191 est
1140 1144 1265 1207 apud
1293 1144 1389 1191 Cic.
1422 1160 1495 1208 pr.
1523 1145 1646 1193 Mur.
1673 1146 1750 1205 35,
1782 1146 1861 1193 73.
1912 1146 2050 1204 „Non
2081 1145 2223 1210 igitur
2254 1145 2295 1193 si
2326 1145 2385 1193 L.
2411 1145 2554 1194 Natta

188 1225 404 1286 (dederat
436 1222 511 1266 hic
544 1221 734 1280 epulum
767 1219 931 1263 XVIII
963 1218 1231 1277 centuriis),
1274 1234 1454 1263 summo
1487 1219 1593 1263 loco
1625 1219 1923 1275 adolescens,
1964 1219 2044 1279 qui
2075 1226 2123 1264 et
2152 1234 2242 1279 quo
2275 1219 2428 1264 animo
2461 1219 2553 1265 iam

188 1298 272 1352 sit,
307 1303 354 1344 et
387 1293 534 1355 qualis
568 1291 642 1338 vir
674 1292 860 1337 futurus
896 1290 979 1344 sit,
1016 1290 1254 1345 videmus,
1288 1289 1335 1336 in
1370 1290 1577 1351 equitum
1611 1292 1833 1338 centuriis
1866 1292 2017 1338 voluit
2048 1307 2154 1337 esse
2189 1299 2236 1337 et
2267 1293 2326 1337 ad
2358 1294 2446 1338 hoc
2480 1293 2553 1338 of-

188 1370 341 1416 ficium
386 1363 748 1412 necessitudinis
792 1371 840 1410 et
878 1364 936 1409 ad
969 1363 1198 1424 reliquum
1232 1369 1417 1425 tempus
1450 1363 1708 1426 gratiosuS,
1751 1364 1800 1411 id
1832 1364 1923 1411 erit
1955 1363 2057 1410 eius
2091 1363 2258 1411 vitrico
2290 1364 2444 1411 fraudi
2475 1371 2555 1411 aut

188 1441 425 1488 crimini“.
490 1439 554 1483 Et
587 1437 678 1483 alio
712 1438 831 1492 loco,
865 1444 1079 1497 tanquam
1114 1452 1207 1482 non
1241 1435 1396 1496 magni
1428 1453 1507 1482 res
1540 1437 1716 1498 negotii
1749 1444 1890 1491 esset,
1926 1437 2012 1482 hos
2045 1436 2241 1483 iuvenes
2275 1437 2365 1483 sibi
2398 1439 2553 1483 conci-

189 1515 320 1568 liare,
353 1512 549 1569 „Nunc“
584 1509 747 1570 inquit,
790 1509 860 1564 „si
894 1526 967 1555 me
1001 1509 1117 1555 tanti
1145 1506 1282 1562 Ταῖς,
1317 1509 1474 1570 quanti
1508 1517 1636 1557 certe
1670 1510 1801 1565 facis,
1835 1509 2050 1571 quoniam
2083 1509 2288 1570 equitum
2322 1511 2553 1557 centurias

187 1595 337 1638 tenes,
371 1584 418 1628 in
446 1582 612 1642 quibus
637 1597 822 1642 regnaS,
857 1582 988 1627 mitte
1017 1582 1076 1627 ad
1102 1582 1290 1643 Lupum
1316 1589 1543 1638 nostrum,
1577 1589 1628 1628 ut
1654 1582 1695 1628 is
1722 1582 1857 1628 nobis
1884 1597 1963 1628 eas
1997 1581 2228 1628 centurias
2254 1583 2552 1644 conficiat.⁴⁸)

187 1659 294 1704 Hos
329 1656 470 1718 igitur
502 1655 700 1700 iuvenes
725 1654 984 1700 Antiochus
1014 1654 1289 1716 Epiphanes
1322 1654 1544 1716 intelligit
1577 1671 1651 1717 ap.
1684 1654 1874 1700 Livium
1906 1654 1984 1708 42,
2018 1654 2063 1710 6,
2096 1654 2175 1714 qui
2207 1654 2332 1710 dicit,
2366 1670 2423 1700 ea
2454 1672 2553 1702 me-

188 1731 275 1776 rita
308 1730 356 1774 in
390 1744 442 1773 se
477 1733 720 1772 senatus
753 1726 927 1781 fuisse,
971 1742 1111 1786 quum
1144 1726 1322 1771 Romae
1357 1733 1508 1781 esset,
1542 1742 1644 1772 eam
1676 1726 1941 1773 comitatem
1975 1726 2340 1782 iuventutis,
2382 1734 2434 1773 ut
2465 1744 2552 1789 pro

191 1818 328 1863 rege,
371 1815 464 1847 non
507 1814 594 1860 pro
638 1797 802 1844 obside
847 1798 1118 1843 omnibus
1162 1797 1478 1843 ordinibus
1520 1797 1688 1843 suerit:
1729 1799 1816 1844 hos
1851 1797 2105 1860 Pompeius
2148 1814 2221 1861 ap.
2265 1798 2360 1845 Cic.
2403 1800 2462 1847 ad
2495 1801 2553 1863 Q.

189 1876 321 1920 fratr.
355 1873 410 1927 2,
443 1875 489 1926 3,
522 1871 578 1926 4,
612 1885 751 1930 quum
786 1870 932 1924 dicat,
965 1870 1272 1914 vehementer
1304 1884 1410 1914 esse
1442 1869 1808 1931 providendum,
1848 1886 1907 1917 ne
1940 1870 2229 1932 opprimatur
2260 1871 2553 1920 concionario

188 1947 270 1992 illo
304 1944 529 2007 populo
564 1959 590 1988 a
624 1958 675 1989 se
709 1957 859 2004 prope
893 1941 1118 1996 alienato,
1162 1940 1489 1987 nobilitate
1524 1941 1733 2000 inimica,
1766 1959 1859 1989 non
1891 1958 2038 2004 aequo
2072 1950 2305 2000 senatu,
2340 1943 2553 1991 iuven—

187 2026 315 2064 tute
349 2017 586 2077 improba=
622 2014 671 2059 hi
703 2021 965 2059 ceterorum
1000 2011 1179 2059 ordinis
1213 2012 1444 2073 equestris
1477 2013 1707 2060 iuniorum
1740 2021 1954 2061 auctores
1983 2021 2119 2076 atque
2152 2015 2366 2078 signiferi
2399 2018 2554 2063 consi-

188 2092 357 2137 liorum
400 2089 724 2147 factorumque
768 2086 958 2132 fuerunt
994 2086 1224 2142 omnium,
1267 2091 1343 2141 ut,
1386 2085 1568 2132 etiamsi
1600 2087 1784 2147 quidam
1817 2088 1907 2134 loci
1939 2094 2071 2143 sunt,
2113 2088 2160 2133 in
2193 2088 2360 2148 quibus
2394 2091 2554 2137 adole-

188 2170 373 2210 scentes
418 2176 579 2207 omnes
623 2159 857 2220 equestris
900 2157 992 2203 loci
1034 2156 1330 2218 intelligendi
1362 2157 1603 2215 videntur,
1644 2165 1800 2206 tamen
1833 2160 1882 2206 hi
1921 2160 2074 2222 capita
2116 2176 2277 2207 eorum
2318 2162 2553 2223 ducesque

190 2237 337 2281 fuisse
371 2233 565 2294 putandi
598 2230 706 2276 sint.
771 2231 840 2277 Hi
873 2231 1018 2291 igitur
1051 2229 1291 2291 principes
1324 2229 1448 2273 inter
1487 2231 1805 2277 adolescentes
1839 2249 1921 2278 eos
1954 2233 2166 2288 fuerunt,
2214 2234 2292 2294 qui
2326 2234 2553 2279 Catilinae

189 2314 403 2369 tempore
438 2320 540 2349 cum
575 2302 743 2365 gladiis
776 2303 824 2349 in
860 2303 984 2349 clivo
1005 2300 1274 2364 Capitolino
1309 2303 1713 2364 convenerunt‚⁴⁹)
1747 2303 1794 2349 hi
1827 2304 1897 2350 illi
1930 2304 2248 2354 honestissimi
2281 2302 2558 2351 adolescen-'

188 2387 278 2435 tes,
312 2376 494 2437 equites
527 2374 740 2431 Romani,
775 2374 853 2435 qui
887 2389 926 2420 a.
954 2374 1018 2419 58
1050 2374 1109 2419 de
1144 2373 1295 2419 salute
1323 2372 1563 2420 Ciceronis
1596 2374 2063 2423 honorificentissime
2097 2377 2419 2436 decreverunt,
2452 2394 2555 2425 cum

189 2450 337 2497 ceteri
370 2464 458 2511 per
490 2447 738 2493 societates
772 2446 961 2492 decreta
992 2447 1217 2492 facerent.
1240 2445 1302 2506 ⁵⁰)

190 2614 236 2678 ⁴⁴⁵⁶)
260 2621 293 2686 ‘If
318 2621 351 2685 Γ
365 2610 419 2686 13¹3
440 2618 518 2684 {qb
554 2649 576 2683 9
675 2649 704 2683 Ε
744 2650 911 2683 uestris
941 2660 1048 2683 vero
1069 2649 1247 2683 ordinis
1278 2651 1316 2683 iu
1463 2607 1521 2660 ’ἢν
1541 2607 1671 2661 mutua
1691 2606 1833 2684 ἀκρίίῶς
1854 2610 2020 2663 “lom
2041 2610 2098 2663 ἓαὶ
2125 2609 2197 2686 rlin-'‘³-
2211 2612 2263 2686 ‘en‘
2278 2611 2335 2645 τοῦ
2354 2612 2557 2654 munuum&

224 2658 416 2730 >vegius
431 2675 588 2728 ox'nni'buss
612 2661 789 2726 adhisqbis
812 2694 928 2726 urbem
959 2693 1154 2736 spectaculo
1175 2694 1227 2726 sui
1252 2669 1338 2726 cele:
1425 2711 1455 2731 ,ρ
1466 2661 1707 2742 ’'gen-5333&
1758 2663 1865 2744 nmo:
1888 2664 2050 2695 cneum·
2074 2665 2138 2696 pau
2166 2665 2188 2687 ο
2211 2665 2243 2686 m
2261 2666 2308 2687 m·
2359 2714 2375 2722 -

237 2741 396 2780 brahaw,
421 2739 476 2782 qui
501 2738 662 2781 quoniam
686 2736 729 2769 de
752 2737 1007 2770 transvectione
1029 2736 1128 2778 dicit,
1147 2742 1268 2781 aperte
1289 2737 1338 2771 iu-
1425 2709 1471 2791 u)
1512 2768 1534 2779 ,,
1690 2720 1731 2742 m‘
1798 2735 1809 2752 ⁹
1854 2711 1886 2745 θ’
1933 2712 1975 2745 ef'
1998 2711 2126 2780 Μωνζ
2140 2724 2257 2757 ‘’pmc'
2280 2724 2312 2757 Ρ·
2326 2715 2388 2783 ,So‘

238 2785 357 2825 '‘¹¹33st
381 2793 488 2824 equos
512 2792 565 2823 eq·
589 2793 623 2823 p·
1456 2769 1471 2810 )
1496 2768 1567 2819 ¹7¹⁰·
1591 2778 1642 2809 pr.
1659 2769 1846 2821 *Sext-12,
1876 2771 1929 2804 27.
1975 2771 2065 2803 Plut.
2089 2771 2159 2803 Cic.
2186 2774 2236 2804 14.
2280 2784 2336 2804 xm
2357 2775 2555 2815 τεθωρακισ-

196 2828 242 2870 ⁴²)
268 2828 397 2859 Auctor
420 2824 548 2858 consol.
572 2823 618 2858 ad
642 2822 717 2856 Liv.
739 2821 816 2856 207.
840 2821 916 2858 460.
961 2822 1238 2857 iuventutem
1267 2822 1338 2856 de·
1465 2822 1570 2855 μηθ’
1591 2810 1687 2844 “¹3⁷⁰‘'
1717 2810 1965 2856 (effit'l'fflwm)
1997 2817 2031 2848 ⁰5
2053 2826 2084 2848 ⁷⁸
2108 2815 2242 2849 δυναῐοῖ
2271 2817 2388 2851 ’uivus'
2417 2814 2482 2848 ‘3⁷¹5
2503 2825 2556 2856 ἵης

239 2875 493 2903 currentem
518 2869 560 2901 in
586 2868 744 2900 sunere
768 2866 904 2899 Drusi
928 2867 1094 2909 appellat,
1118 2878 1203 2909 quos
1226 2868 1257 2899 in
1282 2867 1339 2899 de·
1378 2869 1384 2943 Ι
1469 2858 1577 2890 οἰκίας
1598 2856 1654 2887 '‘“3
1677 2857 1741 2889 ’ὧν
1761 2858 1873 2889 νέων
1894 2860 2007 2892 πολλοὶ
2029 2862 2220 2902 ἕπῆγανθν
2240 2861 2286 2893 ⁶35
2307 2859 2344 2890 ¹⁰⁸
2364 2860 2487 2892 πεδίον·

239 2912 428 2955 scriptione
460 2912 610 2944 eiusdem
642 2910 770 2943 funeris
795 2909 863 2942 Dio
887 2909 949 2949 55,
980 2910 1010 2943 2.
1055 2910 1129 2946 τούς
1158 2912 1277 2946 inuias·
1307 2912 1340 2945 ἐς
1425 2909 1470 2951 ¹⁵⁰)
1495 2917 1528 2940 v.
1552 2907 1573 2940 Ι.
1597 2906 1626 2940 11
1649 2917 1677 2939 c.
1700 2909 1721 2942 3
1744 2914 1813 2942 not.
1836 2910 1889 2945 63.
