2720 3402
158 110 258 163 ὅθ

161 255 366 304 ‹liciariis
401 254 773 304 contentionibus
807 255 958 302 factus
991 259 1078 312 est,
1112 253 1339 303 institutis
1372 255 1429 303 ab
1461 254 1673 317 Augusto
1703 250 1885 301 duabus
1917 250 2140 300 centuriis
2173 252 2325 312 novis,
2359 253 2519 311 altera,

163 337 215 375 ut
248 329 461 389 videtur,
504 336 551 375 et
581 329 685 390 ipsa
716 328 949 390 equitum,
993 329 1141 375 altera
1174 328 1413 376 inferioris
1446 341 1626 375 census·
1648 325 1709 388 ⁹³)

1051 614 1402 686 Liber
1471 613 1641 683 m.

766 719 1167 806 Equites
1251 720 1414 787 sub
1497 718 1936 804 Augusto.

1185 957 1380 1018 cap.
1453 958 1514 1007 Ι.

585 1052 986 1104 Nobilitatis
1034 1051 1152 1102 sub
1199 1052 1720 1119 imperatoribus
1766 1052 2114 1119 renquiae.

174 1170 214 1215 l.
251 1152 555 1230 Compositis
588 1182 675 1228 per
708 1166 1016 1212 Octavianum
1051 1166 1190 1213 bellis
1224 1166 1457 1225 civilibus,
1479 1184 1520 1225 ’,,
1532 1182 1673 1229 quum
1705 1166 2009 1225 ferocissimi,
2044 1172 2096 1213 ut
2127 1172 2201 1213 est
2233 1165 2357 1229 apud
2389 1164 2530 1213 'l'aci-

169 1249 293 1297 tum,
338 1256 424 1303 per
456 1240 580 1285 acies
626 1246 706 1285 aut
738 1238 1082 1300 proscriptione
1104 1240 1137 1302 ¹)
1180 1239 1483 1296 cecidissent,
1527 1240 1673 1286 ceteri
1704 1240 1955 1297 nobilium,
1996 1245 2166 1300 quanto
2199 1239 2302 1301 quis
2334 1237 2530 1285 servitio

168 1314 410 1375 promtior,
445 1311 613 1374 opibus
640 1318 689 1358 et
716 1311 970 1357 honoribus
998 1313 1352 1368 extollerentur,
1387 1328 1441 1359 ac
1466 1312 1603 1358 novis
1630 1327 1692 1359 ex
1715 1314 1858 1359 rebus
1892 1311 2015 1358 aucti
2045 1318 2147 1358 tuta
2172 1318 2221 1358 et
2252 1311 2532 1375 praesentia,

168 1402 305 1447 quam
330 1392 493 1432 vetera
522 1391 571 1431 et
596 1382 861 1446 periculosa
886 1384 1122 1441 mallent“,
1153 1391 1342 1431 senatus
1371 1385 1621 1432 auctoritas
1648 1390 1926 1440 evanuerat3
1958 1379 2182 1431 nobilium
2208 1385 2415 1447 gentium
2441 1383 2533 1431 iam

135 1506 142 1510 ,
169 1465 270 1504 tum
301 1458 529 1519 quaedam
562 1472 758 1518 prorsus
792 1457 1074 1513 exstinctae,
1107 1464 1159 1503 ut
1191 1457 1368 1513 Attilii,
1402 1458 1608 1514 Metelli,
1642 1456 1797 1512 Curii,
1830 1455 2014 1513 Fulvii3
2050 1457 2335 1517 quarundam
2366 1463 2533 1503 tenues

171 1536 230 1577 et·
252 1545 388 1577 rarae
422 1528 594 1591 stirpes
627 1529 897 1585 exstabant3
938 1529 1188 1576 nonnullae
1222 1531 1308 1576 sub
1344 1530 1448 1592 ipso
1483 1530 1695 1592 Augusto
1727 1529 2031 1586 interierunt3
2072 1528 2301 1592 plurimae
2334 1545 2534 1590 sequen-

172 1601 289 1647 tium
324 1600 549 1647 saevitiae
592 1602 923 1662 imperatorum
957 1600 1150 1647 relictae
1184 1608 1314 1658 sunt,
1358 1617 1533 1662 eaeque
1568 1608 1647 1647 aut
1679 1600 1919 1662 dissipatis
1961 1600 2252 1663 patrimoniis
2294 1601 2353 1647 ad
2393 1601 2535 1649 mise-

173 1674 366 1720 randam
393 1680 717 1736 paupertatem
745 1674 982 1734 delapsae,
1016 1680 1096 1719 aut
1122 1673 1353 1719 dedecore
1381 1690 1465 1720 suo
1492 1681 1726 1720 tantorum
1753 1673 1977 1719 maiorum
2009 1673 2202 1734 gloriam
2235 1673 2536 1719 infuscantes.

177 1746 297 1791 Inde
331 1745 581 1807 Scipiones
615 1745 882 1791 adolatores
916 1745 1270 1806 libertorum=²)
1306 1745 1466 1791 Sullae
1498 1746 1665 1807 inopes
1698 1752 1747 1791 et
1787 1745 1996 1791 socordis
2028 1745 2282 1808 ingenii=³)
2315 1746 2538 1792 Mamerci

177 1818 368 1875 Scauri,
413 1818 511 1864 vita
543 1817 785 1880 probrosi,
811 1817 847 1878 ⁴)
881 1817 1135 1879 opprobria
1167 1817 1417 1874 maiorum,
1459 1834 1547 1879 per
1579 1833 1695 1878 quos
1730 1817 1839 1863 olim
1872 1817 2090 1864 nobilitas
2123 1824 2340 1875 steterat,
2374 1818 2539 1865 infami

179 1890 430 1937 accusandi
465 1905 610 1953 opera
642 1905 846 1953 proavos
874 1890 1263 1936 dehonestantes:
1282 1889 1318 1951 ⁵)
1352 1889 1619 1953 Sempronii
1636 1889 1852 1947 Gracchi,
1886 1890 2075 1937 exulum
2101 1890 2202 1948 filii,
2234 1890 2538 1953 sordidasque

176 1979 357 2010 merces
390 1963 615 2009 mutando
649 1964 793 2010 vitam
827 1969 1160 2019 sustentantes,
1194 1979 1247 2009 ac
1273 1979 1332 2009 ne
1358 1963 1426 2009 sic
1459 1963 1644 2025 quidem
1676 1963 1765 2011 tuti
1798 1979 1825 2009 a
1849 1963 2138 2025 periculo=⁶)
2170 1964 2354 2012 Afranii
2378 1966 2539 2014 Fabii-

179 2162 224 2204 νη)
256 2161 350 2193 Suet.
376 2158 500 2194 octav.
532 2159 584 2193 3⁴2.
630 2159 750 2194 Madv.
781 2159 824 2193 de
849 2159 946 2194 tribb.
978 2171 1048 2194 aer.
1073 2172 1105 2205 p.
1141 2159 1180 2194 13
1209 2171 1241 2194 n.
1266 2159 1327 2194 20:
1363 2161 1368 2200 Ι
1487 2159 1509 2195 l.
1533 2160 1679 2194 Servilia
1702 2160 1861 2195 Glauciae
1885 2160 1916 2195 d.
1941 2172 1971 2196 a.
1998 2161 2079 2201 1053
2111 2171 2153 2196 ex
2177 2172 2244 2205 qua
2266 2163 2332 2196 iud.
2356 2163 2497 2205 equites.

189 2206 192 2210 '
224 2205 384 2244 „Walter
407 2205 531 2236 Gescln.
557 2205 589 2235 d.
607 2205 647 2236 R.
672 2206 713 2236 R.
738 2217 769 2246 p.
792 2205 858 2235 243
882 2206 1069 2245 Augustum
1093 2206 1236 2245 primum
1260 2210 1327 2235 ter·
1363 2202 1367 2247 l
1489 2206 1511 2235 l.
1536 2204 1632 2234 Livia
1655 2204 1757 2235 Drusi
1782 2205 1815 2235 d.
1838 2215 1868 2235 a.
1891 2204 1943 2236 92.

223 2247 302 2279 tiam
317 2246 485 2279 decuriam
500 2247 699 2288 restituisse,
710 2246 831 2280 deinde
845 2251 998 2289 ‹ltnztrtatn
1011 2246 1185 2280 addidisse
1198 2246 1326 2279 scribit.
1489 2246 1510 2280 l.
1537 2245 1668 2280 Plautia
1691 2247 1820 2280 Silvani
1853 2247 1883 2280 d.
1916 2259 1948 2280 a.
1971 2246 2033 2285 893
2065 2258 2107 2280 ex
2137 2258 2202 2289 qua
2231 2248 2297 2282 iud.
2327 2248 2455 2282 iudices
2484 2249 2540 2281 tri-

223 2290 308 2321 Eauu
328 2290 458 2330 qni-lem
478 2291 623 2329 tertiam,
647 2301 734 2332 «luae
752 2291 857 2321 fuerat
878 2291 1087 2322 tribunorum
1103 2292 1327 2328 aerariorum,
1534 2290 1635 2321 butiin
1659 2299 1700 2321 ex
1726 2291 1880 2322 omnibus
1903 2290 2076 2322 ordinibus
2100 2291 2216 2323 creati.

224 2343 291 2365 non
317 2332 471 2372 restituit,
495 2333 591 2375 eique
615 2334 725 2376 potius
748 2338 866 2375 quarta
888 2343 979 2367 nova
1002 2333 1199 2375 respondet.
1244 2332 1326 2372 Sed,
1490 2331 1511 2366 l.
1537 2331 1694 2366 Cornelia
1718 2332 1833 2366 Sullae
1858 2332 1889 2366 d.
1914 2344 1943 2366 a.
1967 2332 2028 2372 803
2054 2345 2095 2366 ex
2120 2346 2184 2377 qua
2208 2333 2273 2368 iud.
2298 2342 2486 2368 senatores.

225 2383 260 2407 ut
284 2376 427 2416 opinor,
458 2376 543 2407 duos
567 2377 722 2415 ordines,
746 2382 923 2408 senatores
948 2383 981 2408 et
1005 2377 1154 2417 equites,
1179 2387 1326 2407 comino-
1490 2376 1511 2407 l.
1535 2376 1673 2406 Aurelia
1698 2376 1819 2407 Cottae
1844 2376 1875 2407 d.
1899 2387 1929 2407 a.
1955 2377 2015 2414 70;
2041 2388 2080 2408 ex
2106 2388 2171 2418 qua
2195 2378 2260 2409 iud.
2285 2383 2355 2410 tres
2378 2378 2525 2409 ordines.

225 2417 332 2450 dioris
357 2426 437 2449 usus
460 2427 591 2458 caussa,
619 2418 650 2451 in
675 2423 745 2451 tres
769 2418 922 2451 decurias
947 2418 1121 2452 diviserat.
1166 2417 1243 2453 Nec
1267 2429 1325 2472 po-
1488 2417 1509 2452 l.
1535 2416 1701 2461 Pompeia
1725 2418 1757 2453 d.
1773 2430 1813 2461 ιιι.
1836 2419 1897 2457 ῦῦς
1930 2430 1971 2452 ex
1996 2431 2060 2463 qua
2083 2420 2149 2454 ind.
2175 2421 2230 2464 qul
2253 2432 2296 2455 ex
2320 2421 2426 2455 tribus
2450 2420 2541 2454 ordi-

224 2466 336 2494 terant
360 2466 538 2493 senatores
560 2462 730 2493 decuriam
754 2462 912 2502 explere,
943 2465 971 2493 si
997 2469 1090 2494 recte
1113 2462 1243 2494 Plinius
1266 2463 1325 2493 ιΙΙο
1531 2462 1628 2492 nibus
1652 2473 1815 2494 sunnmum
1838 2473 1973 2495 censum
1996 2463 2175 2496 habebant.

226 2510 383 2547 tempore
407 2502 539 2547 singula
560 2503 661 2537 millia
684 2504 716 2537 in
740 2503 877 2547 singulis
902 2503 1046 2538 decuriis
1069 2504 1173 2538 fuisse
1196 2505 1324 2538 scribit.
1489 2503 1510 2537 Ι.
1534 2503 1617 2537 iulia
1641 2504 1807 2538 Caesaris.

223 2548 294 2581 Sed
318 2559 359 2581 ex
385 2557 455 2590 quo
479 2548 698 2591 gravissimae
722 2559 863 2581 caussae
887 2549 1039 2590 publicae
1060 2550 1092 2582 in
1111 2550 1121 2582 i
1146 2560 1186 2581 so
1207 2554 1326 2583 senatu
1488 2549 1510 2581 l.
1535 2549 1692 2581 Antonia.

225 2592 387 2634 cognosci
411 2596 559 2632 coeptae
582 2597 678 2631 sunt,
706 2592 829 2623 sensim
854 2597 1030 2624 senatores
1053 2593 1085 2624 in
1110 2593 1254 2625 ‹ecuriis
1277 2593 1324 2625 iu-

224 2636 334 2668 «licum
359 2644 438 2667 esse
463 2634 595 2667 desisse
618 2635 773 2677 opinor&
811 2634 961 2677 Caligula
986 2636 1132 2678 quintam
1155 2635 1326 2669 decuriam

225 2679 363 2710 addidit.
413 2677 501 2709 Plin.
525 2680 582 2717 33,
604 2678 635 2709 8.
678 2680 770 2710 Suet.
796 2678 901 2720 Calig.
929 2678 977 2709 16.
1013 2678 1125 2722 Leges
1148 2679 1259 2723 igitur,
1283 2678 1327 2711 de

1405 2602 1431 2645 ¹)
1456 2601 1724 2635 Triumvirorum
1756 2603 2005 2646 proscriptione
2037 2603 2233 2637 ceciderunt
2263 2610 2441 2638 senatores
2467 2603 2543 2643 300,

1445 2646 1578 2688 equites
1600 2645 1696 2678 2000.
1742 2646 1826 2689 App.
1850 2646 1892 2679 B.
1917 2648 1953 2679 C.
1978 2649 2010 2687 Δ,
2034 2648 2066 2679 5.

225 2722 343 2765 quibus
367 2721 454 2761 dixi,
478 2721 675 2754 iudiciariae
697 2721 760 2753 bae
786 2721 937 2753 luerunt:
1403 2700 1432 2774 ζ)
1455 2698 1534 2761 [rac.
1558 2699 1643 2732 Anu·
1671 2698 1720 2741 η’
1743 2700 1795 2736 53

269 2765 289 2796 Ι.
313 2765 517 2806 Sempronia
541 2764 688 2797 Gracchi
713 2765 790 2795 data
814 2775 843 2795 a.
873 2764 951 2800 12:33
981 2774 1022 2795 ex
1047 2774 1110 2805 qua
1135 2765 1327 2797 iudicabant
1363 2782 1365 2808 3
1417 2755 1431 2794 )
1455 2753 1498 2784 ¹b·
1527 2754 1577 2790 ¹32
1603 2752 1654 2784 ⁴3·

312 2808 442 2849 equites
466 2807 541 2840 soli.
1363 2814 1366 2848 g
1403 2809 1431 2848 ⁴)
1457 2806 1500 2838 ib.
1524 2806 1556 2843 6,
1581 2805 1634 2838 29.
1680 2807 1799 2840 Senec.
1825 2808 1868 2840 de
1892 2807 1965 2841 ben.
1991 2809 2022 2847 «l,
2047 2808 2099 2842 31.

269 2850 291 2883 l.
315 2851 458 2883 Servilia
485 2850 668 2895 Caepionis
700 2849 779 2882 data
810 2861 840 2882 a.
868 2849 947 2888 1063
984 2860 1024 2881 ex
1049 2861 1114 2893 qua
1137 2850 1326 2884 iudicabant
1363 2875 1365 2878 -
1404 2853 1431 2893 ⁵)
1456 2850 1536 2883 Tac.
1564 2851 1647 2884 Ann.
1670 2852 1702 2891 3,
1724 2851 1777 2885 66.

312 2900 499 2926 senatores.
1363 2895 1366 2925 ἶ
1403 2898 1433 2936 ⁶)
1458 2894 1501 2926 id.
1526 2894 1568 2927 ib.
1591 2895 1622 2933 -Ι,
1649 2894 1698 2927 Μ.
