2720 3402
192 259 313 301 anno
356 243 503 305 prima
535 246 752 307 quaestio
788 252 1016 309 perpetua
1055 262 1212 293 rerum
1248 247 1606 310 repetundarum
1641 244 2002 291 institueretur.·
2040 242 2225 288 Accidit
2255 248 2433 297 autem,
2475 248 2527 288 ut

193 317 348 378 paullo
397 325 501 364 ante
548 321 599 366 C.
642 319 844 366 Gracchi
888 320 1166 367 tribunatum
1214 327 1310 367 tres
1359 336 1549 366 caussae
1592 324 1864 380 agerentur,
1913 332 2030 377 quae
2071 323 2269 379 propter
2315 316 2531 362 venalem

191 389 388 438 animum
420 392 645 447 iudicum,
691 393 768 454 qui
800 399 896 440 tum
926 393 1152 456 temporis
1196 410 1222 440 e
1264 393 1555 439 senatoribus
1590 406 1749 438 omnes
1782 398 1937 445 erant,
1979 390 2308 453 indignamque
2341 403 2527 435 reorum

191 461 510 525 impunitatem
552 464 915 528 indignationem
956 465 1159 530 omnium
1199 466 1249 512 in
1293 482 1344 512 se
1387 469 1727 512 converterent.
1757 463 1811 524 ¹⁹)
1874 464 2003 525 Quas
2035 479 2196 509 omnes
2240 463 2299 509 ad
2333 462 2525 524 provin-

192 536 285 593 cias
317 538 600 599 pertinuisse
634 555 693 584 ex
725 555 815 585 una
847 555 1010 584 caussa
1041 538 1217 597 Aquini
1249 538 1548 598 intelligitur,
1585 537 1663 597 qui
1695 542 1918 595 occupata
1948 536 2062 581 Asia
2093 544 2340 598 corruptus
2374 553 2401 582 a
2434 537 2524 582 Mi-

168 609 417 665 thridate,
449 617 581 671 patre
614 611 764 673 magni
795 609 1105 665 Mithridatis,
1137 610 1395 670 Phrygiam
1427 610 1497 654 illi
1531 609 1748 662 dederat,
1782 614 2019 652 accusatus
2052 616 2202 653 autem
2234 609 2414 654 Romae
2448 625 2525 654 re-

191 682 504 743 petundarum¹
529 670 821 744 criminisque
855 682 1119 739 convictus,
1153 698 1179 727 a
1212 681 1442 743 corruptis
1475 680 1704 726 iudicibus
1738 680 1976 725 absolutus
2009 679 2169 741 est.‘²⁰)
2233 681 2345 727 Sine
2379 681 2522 728 dubio

188 753 236 799 in
268 754 342 799 his
375 755 572 811 caussis,
604 764 655 802 ut
688 757 737 802 in
770 755 1033 801 huiusmodi
1067 754 1303 808 omnibus,
1337 753 1570 815 publicani
1601 752 1764 799 Asiani
1796 751 2063 798 testimonio
2097 759 2295 798 actorem
2328 755 2521 800 adiuve-

188 831 316 884 runt,
360 843 506 889 eoque
540 827 732 874 dissidio
767 826 979 873 ordinum
1012 826 1077 872 ita
1108 842 1220 873 usus
1254 834 1326 874 est
1360 826 1411 872 G.
1446 825 1714 880 GracchuS,
1755 830 1806 869 ut
1837 823 1908 880 id,
1941 823 2071 870 cuius
2104 823 2343 871 consilium
2376 827 2522 873 frater

189 900 463 962 ceperat,2¹)
498 907 770 956 exsecutus,
804 902 860 946 ab
895 899 1207 963 optimatibus,
1241 899 1416 945 invidia
1448 900 1609 944 harum
1643 912 1909 943 caussarum
1943 898 2199 958 oppressis,
2237 899 2291 943 ad
2326 899 2520 959 equites,

187 987 379 1031 quorum
420 974 586 1019 iisdem
629 973 805 1019 caussis
847 973 1095 1019 auctoritas
1138 980 1374 1027 creverat,
1419 971 1589 1017 iudicia
1631 970 1921 1015 transferret.
1946 969 2007 1029 2²)
2073 970 2326 1030 Postquam
2368 981 2521 1018 autem

188 1044 245 1090 ad
278 1045 362 1091 hos
393 1045 563 1092 iudicia
594 1052 933 1108 pervenerunt,
982 1052 1078 1091 tum
1111 1045 1309 1107 primum
1343 1052 1390 1091 et
1422 1045 1535 1090 ordo
1569 1050 1787 1104 equester
1819 1041 2000 1088 exstitit
2033 1048 2082 1088 et
2113 1042 2266 1089 statim
2302 1044 2358 1089 ab
2390 1042 2522 1090 initio

186 1122 335 1164 tantas
368 1119 494 1164 vires
528 1117 674 1180 cepit,
707 1124 760 1163 ut
791 1117 882 1162 iam
915 1133 1007 1162 non
1038 1117 1317 1174 nobilitatis,
1351 1132 1378 1161 a
1409 1132 1499 1177 qua
1530 1116 1781 1172 defecerat,
1815 1115 2077 1161 auctoritati
2111 1116 2299 1171 cedenS,
2333 1117 2404 1162 rei
2437 1134 2522 1180 po-

186 1192 361 1252 pularis
394 1191 706 1237 adiumentum
739 1190 904 1250 ingens
937 1191 1172 1235 evaderet.
1446 1190 1456 1203 '

389 1262 433 1308 3.
484 1263 612 1308 Ordo
646 1261 769 1308 enim
811 1267 1028 1322 equester
1070 1263 1126 1307 ab
1168 1260 1300 1307 initio
1333 1277 1439 1307 esse
1472 1276 1565 1307 non
1597 1260 1772 1322 potuit,
1816 1260 1923 1320 quia
1955 1259 2168 1307 diversus
2200 1277 2294 1307 non
2328 1270 2429 1309 erat
2462 1264 2520 1308 ab

186 1334 348 1396 ordine
382 1341 660 1391 senatorum,
694 1349 833 1396 quum
866 1339 914 1380 et
945 1340 1134 1380 senatus
1168 1340 1215 1380 et
1248 1333 1385 1379 liberi
1417 1339 1682 1379 senatorum
1715 1332 1945 1393 equitibus
1978 1333 2336 1391 continerentur,
2368 1343 2443 1391 ut,
2477 1335 2519 1382 si

187 1408 266 1467 qui
298 1408 549 1470 scriptores
582 1408 803 1454 historiae
837 1409 952 1454 eiusv
980 1407 1085 1452 aevi
1128 1408 1337 1453 ordinem
1379 1413 1652 1471 equestremx
1684 1413 2065 1460 commemorant,
2112 1422 2275 1468 parum
2307 1417 2518 1455 accurate

183 1480 363 1541 loquuti
410 1498 516 1527 esse
566 1481 790 1527 censendi
837 1477 943 1527 sint.
966 1480 1026 1542 ²³)
1090 1480 1163 1526 Ne
1204 1487 1301 1526 tum
1345 1480 1554 1541 quidem,
1605 1494 1744 1539 quum
1786 1477 1917 1524 Veiis
1967 1476 2244 1541 oppugnatis
2292 1481 2520 1540 quoddam

185 1568 356 1600 novum
388 1569 534 1615 genus
571 1554 798 1599 existeret
830 1554 1035 1613 equitum
1067 1552 1355 1609 militarium,
1400 1559 1451 1597 ut
1483 1552 1596 1598 dicit
1626 1552 1855 1599 Asconius
1888 1559 2189 1614 personatus,
2212 1554 2272 1614 ²⁴)
2305 1553 2335 1598 i.
2369 1571 2409 1600 e.
2442 1555 2521 1614 qui

185 1640 278 1672 non
317 1627 541 1673 honorem
585 1626 690 1687 equi
722 1627 969 1683 haberent,
1013 1626 1098 1672 sed
1130 1624 1362 1687 stipendia
1401 1631 1580 1671 tantum
1622 1624 1752 1685 equis
1786 1624 2016 1679 facerent,
2060 1623 2291 1671 coniuncti
2323 1627 2521 1686 quodam

184 1704 311 1745 certo
345 1699 519 1746 ordinis
552 1699 738 1746 vinculo
772 1705 916 1746 erant.
964 1699 1111 1746 Immo
1139 1698 1314 1745 ordinis
1348 1698 1600 1759 appellatio
1632 1698 1691 1743 ad
1723 1697 1992 1759 publicanos
2018 1697 2294 1758 pertinebat,
2327 1715 2521 1759 quorum

185 1761 242 1815 ab
275 1771 592 1833 antiquissimo
626 1778 837 1834 tempore
870 1787 1038 1834 corpus
1072 1778 1120 1816 et
1152 1770 1267 1816 ordo
1300 1775 1421 1826 erat,
1443 1769 1504 1831 ²⁵)
1542 1770 1601 1815 ad
1634 1785 1829 1830 eumque
1863 1769 2073 1814 ordinem
2105 1785 2273 1817 nomen
2305 1778 2520 1831 equestre

184 1841 341 1903 paullo
392 1851 501 1905 post
543 1845 783 1889 Gracchos
834 1844 1064 1904 pervenit.
1148 1842 1407 1889 Gracchani
1460 1849 1613 1888 autem
1661 1843 1837 1888 iudices
1885 1858 2035 1902 neque
2084 1845 2269 1890 anulum
2317 1861 2522 1897 aureum,

182 1930 332 1976 neque
366 1932 532 1976 equum
564 1915 799 1977 publicum
831 1916 1084 1970 habebant,
1117 1915 1201 1961 sed
1234 1921 1366 1969 erant
1394 1913 1446 1960 in
1478 1915 1614 1960 anulo
1649 1915 1820 1970 ferreo,
1856 1915 1986 1974 equis
2019 1915 2117 1961 suis
2149 1919 2401 1971 merebant,
2433 1935 2519 1964 no-

184 1987 474 2036 minabantur
505 1994 659 2034 autem
689 1987 890 2046 iudices,
914 1987 973 2050 26)
1016 2001 1265 2048 eorumque
1299 1986 1387 2032 flos
1420 1991 1520 2032 erat
1550 1985 1599 2032 in
1630 1985 1901 2048 publicanis.
1926 1985 1985 2048 2²)
2048 1987 2178 2034 Inter
2209 2003 2323 2049 quos
2365 1990 2405 2036 si
2438 1990 2516 2052 qui

189 2157 232 2199 ¹⁹)
256 2156 344 2200 App.
367 2154 411 2189 B.
435 2154 472 2189 C.
498 2156 527 2195 l,
550 2155 603 2189 22.
1428 2155 1462 2185 et
1492 2150 1536 2184 de
1565 2151 1712 2202 ceteris,
1741 2151 1795 2193 qui
1819 2149 1950 2202 fuerunt
1982 2157 2061 2204 ante
2081 2152 2227 2194 Sullam,
2261 2155 2343 2189 satis
2375 2156 2519 2191 verbose

188 2210 234 2251 πο)
257 2209 301 2242 id.
321 2206 346 2241 1.
369 2209 390 2248 l.
414 2208 490 2241 bell.
513 2208 630 2240 Muhr.
657 2208 715 2246 12,
738 2208 790 2240 57.
836 2207 905 2240 Cic.
929 2207 1031 2239 divin.
1054 2207 1107 2246 21,
1129 2207 1182 2240 69.
1426 2196 1548 2246 p.·l{‘33
1578 2205 1649 2236 sqq.
1680 2195 1882 2236 disputavit,
1912 2205 1952 2226 ea
1976 2206 2153 2228 maximam
2181 2204 2310 2239 partem
2333 2199 2420 2235 falsa
2442 2212 2520 2234 esse

187 2267 345 2344 ’ὓῦὲιὲῐζ
370 2255 707 2343 ἔὲὶἷιζδίξῖειοείιλοοὶὸ.
764 2266 841 2298 Dio.
874 2267 913 2299 fr.
942 2268 995 2301 SS.
1050 2265 1092 2297 cs.
1129 2264 1311 2297 Drumauni
1386 2242 1612 2345 ::)e5:v¹‚8t1¹.¹nf{7‚
1635 2291 1664 2311 4.-
1687 2267 1723 2314 32*
1812 2323 1820 2331 .
2255 2327 2262 2335 .

189 2371 234 2412 ²²)
258 2369 430 2403 Gracchos
452 2321 572 2402 iudi’cilti
589 2369 669 2401 solis
692 2369 855 2410 equitibus
878 2368 1055 2400 tradidisse
1077 2367 1223 2409 produnt
1235 2366 1311 2398 vel·
1414 2322 2079 2409 )(Ιι11ἰι51ξ(;ιι(ιιᾱξ)ῐ;ιΑΙειξὲιιίὲάὲὲἰὲιὶὶεὲε133,οΕ
2102 2326 2287 2371 apponam)
2310 2339 2378 2362 '²⁰¹¹
2393 2336 2517 2375 melna,

230 2413 283 2446 lei.
305 2414 338 2453 2,
360 2413 413 2452 32,
439 2413 470 2446 3.
516 2412 659 2454 Appian.
682 2410 726 2443 B.
751 2410 787 2443 C.
814 2412 842 2450 1,
865 2412 917 2444 22.
962 2409 1255 2443 Pseudo-Ascon.
1278 2409 1311 2441 in
1385 2411 1429 2453 ²¹⁵)
1452 2409 1601 2442 Dirksen
1624 2409 1695 2442 Civ.
1720 2409 1806 2442 Abh.
1833 2410 1861 2441 l.
1886 2421 1919 2453 p.
1943 2412 1994 2443 45.

231 2457 344 2491 Divin.
373 2467 405 2499 p.
441 2456 511 2490 103.
541 2453 601 2489 Or.
647 2454 716 2488 Cic.
748 2454 841 2487 Verr.
869 2456 905 2495 1,
937 2455 993 2495 13,
1022 2455 1066 2489 38
1098 2459 1132 2486 et
1161 2452 1311 2487 Pseudo·
1385 2456 1429 2498 ²⁶)
1453 2453 1539 2487 Piin.
1570 2453 1611 2486 Η.
1635 2452 1679 2487 N.
1703 2453 1757 2492 33,
1789 2453 1819 2486 7.
1865 2454 1993 2488 Anuli
2033 2455 2289 2491 distinxere
2326 2459 2512 2493 alterum

230 2502 356 2534 Ancon.
379 2500 423 2532 ad
446 2499 478 2532 h.
501 2499 522 2531 Ι.
545 2510 577 2541 p.
605 2500 664 2532 {43
688 2497 748 2531 Or.
781 2498 884 2530 Tacit.
910 2499 985 2531 Anu
1024 2499 1073 2537 1⁸2,
1094 2499 1147 2531 (ii).
1193 2497 1311 2529 Florus
1426 2498 1624 2529 ordinem
1654 2508 1675 2529 a
1698 2497 1831 2539 plebe
1853 2516 1898 2522 —
1920 2498 2002 2540 (hoc
2023 2500 2070 2531 ad
2091 2499 2217 2533 Tiberii
2241 2508 2389 2544 tempora
2413 2505 2512 2545 perti-

229 2546 270 2585 3,
304 2545 362 2583 13,
394 2542 444 2578 17.
503 2542 555 2575 Ab
589 2541 640 2574 his
670 2541 725 2584 qui
757 2540 937 2582 recedunt,
978 2540 1177 2575 Plutarchus
1208 2550 1240 2572 v.
1274 2539 1311 2573 C.
1425 2551 1520 2581 nere,
1543 2539 1671 2574 Plinius
1694 2541 1768 2584 ipse
1792 2546 1912 2585 postea
1935 2542 2064 2586 docet.)
2086 2562 2131 2568 —
2152 2563 2197 2570 —
2238 2545 2361 2581 Quod
2385 2553 2512 2580 autea

229 2587 374 2621 Gracchi
390 2589 428 2626 ⁷5,
450 2586 521 2619 Tib.
544 2585 685 2618 Gracch.
713 2586 751 2619 16
773 2590 807 2617 et
831 2584 945 2618 Livius
969 2595 1022 2627 ep.
1044 2586 1099 2624 60,
1121 2583 1313 2616 contudisse
1428 2584 1646 2617 militares
1689 2586 1788 2627 equi
1824 2596 1976 2618 nomen
2007 2587 2247 2629 dederant,
2292 2589 2370 2621 hoc
2402 2601 2513 2623 nune

229 2631 384 2665 videntur
406 2630 513 2674 legem
535 2629 665 2663 Liviam
691 2638 764 2660 cum
788 2629 997 2671 Sempronia.
1043 2627 1093 2661 cf.
1116 2627 1249 2660 ‘Valter
1271 2627 1310 2659 G.
1428 2628 1646 2671 pecuniae
1670 2628 1896 2672 (iudices)
1920 2629 2131 2664 tribuunt.
2159 2652 2195 2657 —
2235 2631 2323 2665 Nec
2346 2634 2513 2676 pridem

230 2675 263 2708 d.
287 2676 327 2709 R.
344 2675 384 2707 R.
407 2686 440 2718 p.
462 2673 537 2708 244.
576 2673 647 2706 Hos
668 2672 794 2704 iudices
817 2677 852 2703 ut
874 2677 975 2705 antea
997 2678 1171 2705 senatores
1193 2676 1225 2703 et
1247 2671 1312 2713 pri·
1428 2677 1493 2704 est
1532 2671 1707 2708 sactum.
1768 2672 1882 2705 Divo
1906 2675 2110 2718 Augusto
2151 2676 2359 2708 decurias
2397 2679 2512 2710 ordi-

229 2725 328 2753 vatns
358 2723 391 2751 et
413 2717 561 2762 publicas
591 2726 728 2750 caussas
759 2714 925 2749 iudicasse
958 2720 991 2748 et
1027 2715 1223 2748 testimoniis
1256 2725 1311 2746 ve·
1427 2716 1587 2756 nante‚·
1608 2716 1741 2749 maior
1773 2728 1876 2760 pars
1913 2718 2093 2752 iudicum
2126 2720 2165 2752 in
2197 2719 2347 2753 ferreo
2378 2722 2513 2755 anulo

229 2769 336 2797 terum
358 2766 500 2801 constat,
522 2762 570 2803 (v.
593 2759 713 2803 Polyb.
737 2760 768 2799 6,
794 2759 849 2801 17)
873 2764 906 2791 et
927 2769 980 2797 eo,
1005 2759 1095 2801 quod
1118 2758 1239 2791 nullum
1263 2763 1313 2789 est
1428 2758 1525 2797 suit,
1549 2760 1665 2801 iique
1689 2771 1772 2792 non
1796 2761 1984 2802 equites,
2007 2763 2082 2794 sed
2106 2763 2514 2797 iudicesvocaban-

230 2806 321 2850 apud
352 2804 488 2840 eosdem
518 2815 555 2838 se
579 2809 746 2838 aratorum
779 2801 897 2837 horum
921 2801 1115 2836 iudiciorum
1146 2801 1311 2837 indicium.
1428 2807 1506 2837 tur.
1559 2800 1768 2846 Equitum
1806 2815 1959 2839 nomen
1990 2805 2270 2839 subsistebat
2299 2807 2340 2841 in
2363 2810 2514 2842 turmis

230 2860 262 2880 v.
291 2850 412 2881 Madv.
441 2849 484 2880 de
512 2849 552 2879 tri
576 2848 606 2879 b.
638 2858 746 2879 aei-ar.
771 2850 805 2888 p.
827 2850 846 2878 4
869 2857 900 2877 n.
929 2848 955 2883 Ι,
982 2846 1124 2882 Wittich
1154 2846 1197 2886 de
1219 2845 1314 2877 Sulla
1429 2857 1448 2876 e
1488 2857 1639 2880 noi-,um
1663 2848 1950 2888 publicorum.
1997 2849 2154 2880 Ceterum
2171 2851 2272 2881 etiam
2288 2851 2407 2882 horum
2422 2854 2512 2892 ..qui

229 2903 262 2937 p.
289 2893 361 2928 158.
409 2891 565 2927 Ceterum
587 2900 674 2936 quae
706 2888 759 2923 hic
783 2893 816 2923 et
846 2887 890 2922 de
912 2885 1119 2923 Gracchanis
1151 2887 1312 2922 iudicibus
1427 2898 1449 2921 a
1458 2857 1488 2922 ii
1503 2898 1523 2922 e
1533 2898 1554 2933 q
1562 2899 1583 2922 u
1593 2888 1624 2923 it
1635 2895 1676 2924 at
1687 2900 1708 2923 u
1717 2900 1749 2924 m
1765 2895 1776 2923 t
1789 2901 1804 2924 r
1815 2901 1836 2924 a
1845 2889 1866 2924 h
1877 2901 1896 2924 e
1905 2890 1925 2925 b
1933 2902 1951 2924 a
1962 2902 1982 2924 n
1992 2897 2004 2924 t
2014 2902 2034 2926 u
2046 2895 2095 2933 r‚·'‘
2112 2903 2233 2926 nomeu
2249 2894 2413 2928 variatum
2427 2906 2516 2937 esse,

1944 2951 1969 2989 4
