2720 3402
147 85 242 139 54

352 229 491 277 Haec
533 226 875 291 praemonenda
910 225 1203 281 existimavi,
1249 232 1299 272 ut
1332 230 1602 289 appareret,
1647 224 1724 285 qui
1760 225 1930 271 factum
1965 230 2116 281 esset,
2157 230 2210 271 ut
2249 226 2504 289 Augustus,

147 320 287 367 quum
337 338 366 360 „
377 302 670 357 muneribus,
721 299 1059 357 monumentis,
1113 298 1388 361 congiariis,
1442 298 1592 361 epulis
1641 297 1905 360 imperitam
1951 296 2295 346 multitudinem
2342 298 2504 346 leniis-

188 480 281 515 aliud
306 489 392 516 esse,
416 486 513 519 quam
536 475 679 518 primum
703 475 791 508 inter
813 484 926 518 pares.
964 471 1032 505 Dio
1055 471 1109 512 52,
1134 473 1154 505 7
1177 471 1210 507 in
1231 484 1280 507 or.

189 526 377 567 Agrippae:
400 522 442 553 ἄν
464 521 501 552 δ’
524 520 619 555 αὐτός
641 521 785 565 δικάζῃς,
809 519 947 554 πολλοὺς
968 518 1205 564 ἀναγκασθήσῃ
1228 519 1282 551 καὶ

189 571 271 603 τῶν
303 566 533 607 ὁμοτίμων
560 565 717 601 κολάζειν.
762 563 807 594 ib.
831 562 1019 594 Maecenas
1042 559 1104 598 52,
1134 560 1183 593 1.).
1227 564 1283 594 ἵνα

189 613 244 645 καί
273 611 371 651 νόμος
401 607 497 642 εὐθύς
528 602 549 651 ᾗ
577 606 645 638 πᾶν
674 605 737 644 &a
764 607 807 638 ἄν
835 605 1082 647 βουλευσαιιὲνω
1115 613 1169 636 σοι
1198 603 1284 648 parti

188 655 268 690 τῶν
298 652 528 694 ὁμοτίμων
558 649 669 695 ἀρέσῃ.
715 647 757 682 ci'.
781 647 836 689 52,
863 650 916 683 21.
963 634 1008 680 id.
1033 636 1088 687 53,
1115 647 1141 680 1.
1187 649 1224 680 ἐν
1245 646 1282 680 δ’

187 693 244 730 οὖν
273 696 317 738 τῷ
347 695 417 726 τότε
448 693 590 736 παρόντι
620 696 672 724 ταῚ
692 704 726 725 τε
758 693 838 724 ἄλλα
861 692 966 735 ὥςπερ
995 694 1123 723 εἴθιστο
1147 692 1281 734 ἔπραξε,

184 740 238 773 καὶ
261 740 317 773 τας
339 736 542 781 ἀπογραφὰς
565 736 736 773 ἐξετέλεσε·
758 735 814 768 καῖ
838 736 873 767 ἐν
896 735 1009 769 αὐταῖς
1030 733 1206 779 πρόκριτος
1229 732 1282 772 τῆς

183 783 360 828 γερουσίας
383 780 553 819 ἐπεκλήθη,
582 778 690 824 ὥσπερ
715 780 750 811 ἐν
772 780 812 824 τῇ
832 779 961 824 ἀκριβεῖ
984 776 1280 826 δημοκρατίᾳθίνε-

182 829 337 869 νόμιστο·
383 822 501 864 ltaque
524 820 703 860 Vitellius,
738 832 813 853 cum
836 821 865 853 ei
896 821 929 854 in
962 825 1081 851 senatu
1104 817 1281 852 Helvidius

184 869 325 903 Priscus
360 865 641 905 contradixisset,
681 874 851 897 conversa
883 863 926 896 ad
964 867 1079 905 patres
1114 861 1279 900 oratione,

183 913 241 952 Μὴ
263 912 481 956 ταράττεσθε,
504 909 631 950 inquit,
653 909 788 953 πατέρες
808 908 894 950 μηδ’
914 906 1134 948 ἀγανακτεῖτε,
1166 907 1196 936 εἶ
1218 905 1279 936 δύο

185 956 306 999 ἄνδρες
329 955 362 991 ἐξ
383 953 478 996 ὑμῶν
500 952 722 993 διηνέχθημέν
744 962 773 983 τι
794 950 876 994 πρὸς
898 949 1055 988 ἀλλήλους.
1091 946 1159 980 Dio
1171 946 1226 986 65,
1246 949 1276 979 7.

185 997 278 1031 idem
310 996 379 1028 ulio
411 995 489 1028 loco
521 995 605 1036 (67,
636 994 681 1034 2)
714 992 757 1024 de
782 991 997 1023 Domitiano:
1028 990 1121 1025 αὐτὸς
1151 990 1188 1022 δι’
1221 990 1278 1022 οὐκ

185 1043 376 1085 ἔφρόντιζεν
406 1039 481 1071 οὐδὲ
514 1038 577 1070 τῶν
605 1036 661 1068 τόν
684 1038 787 1067 Τίτον
815 1036 1045 1071 ἐπαινούντων,
1077 1033 1127 1065 ὅτι
1153 1035 1281 1075 μηδένα

185 1083 360 1126 βουλευτήν
383 1083 575 1117 ἀπέκτεινεν,
606 1075 681 1110 οὗθ’
703 1077 753 1109 ὅτι
776 1076 794 1116 ἤ
817 1079 975 1122 γερουσία
1006 1077 1161 1110 πολλάκις
1193 1077 1280 1115 ἠξίου

186 1127 406 1169 ψηφισθῆναι,
427 1123 473 1166 μὴ
496 1124 612 1159 &sinu
633 1121 679 1163 τῷ
700 1121 915 1164 αὐτοκράτορι
942 1120 1024 1151 τῶν
1046 1120 1281 1162 ὁμοτίμων

185 1170 261 1203 τινὰ
281 1170 443 1200 ἀπολέσαι.
477 1163 674 1195 Alexander
692 1164 844 1194 Severus
867 1162 898 1193 in
923 1166 1060 1193 senatu:
1086 1160 1280 1193 Venerandi

231 1218 313 1251 tres,
336 1210 452 1252 inquit,
474 1217 574 1240 unum
598 1216 652 1238 me
675 1206 719 1238 de
742 1206 840 1237 vobis
864 1206 974 1248 potius
998 1209 1153 1244 censete,
1179 1214 1278 1237 (uam

184 1223 303 1298 liis-gni
334 1261 456 1287 nomen
484 1250 636 1293 ingerite.
699 1248 836 1291 Lampr.
867 1248 917 1281 Al.
949 1250 1028 1282 Sev.
1066 1250 1115 1282 11.
1200 1248 1278 1280 tiam

184 1298 385 1331 Tlrernistius
407 1296 441 1327 in
463 1295 541 1336 imp.
566 1293 799 1325 Constantium
830 1302 879 1323 or.
904 1291 948 1323 lv
973 1302 1004 1333 p.
1030 1291 1073 1323 53
1095 1289 1138 1323 Β.
1162 1290 1278 1328 llard.‚

185 1352 272 1385 quae
295 1339 411 1373 habita
434 1343 484 1370 est
509 1337 542 1370 in
565 1341 703 1369 senatu:
730 1335 785 1368 καὶ
806 1338 910 1379 μόνου
931 1335 998 1380 ἄρα
1020 1334 1078 1368 τοῦ
1092 1334 1202 1378 χοροῦ
1222 1334 1280 1368 τοῦ

182 1387 342 1431 ὄμιτὲρου
364 1383 459 1417 αὐτὸς
482 1381 500 1414 o‘
519 1381 668 1426 χορηγός
690 1382 916 1425 πρωτοστάτης
935 1381 1002 1412 ἐστὶ
1017 1380 1071 1411 καί
1086 1381 1278 1424 κορυφαῖος,

183 1431 239 1463 καὶ
268 1430 400 1474 ἵδρυται
429 1427 553 1471 θρόνος
583 1425 670 1467 ἱερὰς
700 1425 735 1456 ἐν
757 1422 801 1465 τῷ
821 1425 962 1468 πατρῴῳ
985 1423 1210 1466 βουλευτηρίῳ,
1243 1424 1279 1455 ἐν

185 1468 213 1518 ᾧ
235 1472 447 1516 συγκαθίζων
468 1471 526 1500 οὐκ
550 1468 716 1508 ἀναίνεται
737 1469 793 1499 καὶ
813 1469 1015 1512 προηγορεῖν
1031 1466 1087 1499 τοῦ
1104 1467 1277 1510 συλλόγου·

187 1516 233 1551 τῶ
252 1516 312 1548 ’τοι
341 1514 396 1546 καὶ
427 1511 467 1545 τά
487 1513 635 1555 πάροντα
657 1511 819 1555 μυστήρια
843 1512 874 1541 οἱ
896 1511 961 1553 μὲν
984 1509 1075 1542 ἄλλοι
1097 1508 1278 1554 ἄνθρωποι

188 1548 233 1593 ai}
250 1558 377 1600 βασιλεῖ
394 1557 499 1598 μόνον
519 1555 670 1592 τελοῦσιν,
693 1552 779 1595 ὁμᾶς
800 1553 838 1584 δέ
861 1554 982 1587 ἰκτῖνος
1004 1554 1110 1585 ἐθέλει
1131 1553 1204 1585 καὶ
1227 1552 1280 1586 οἷς

188 1603 207 1635 ὁ
250 1602 396 1642 οτίμῳ.
432 1596 477 1630 Et
499 1597 547 1629 ita
559 1596 705 1629 lulianus
729 1596 808 1637 imp.
821 1595 973 1628 rescribit
994 1595 1101 1627 [80.
1125 1595 1169 1627 de
1192 1595 1281 1636 dign.

188 1613 266 1683 „iins
281 1646 489 1678 senatorum,
512 1644 547 1670 et
561 1639 797 1671 auctoritatem
821 1638 893 1669 eius
915 1637 1056 1676 ordinis,
1080 1638 1113 1668 in
1130 1648 1197 1678 quo
1221 1647 1283 1668 nos

187 1695 322 1729 quoque
345 1684 439 1725 ipsos
463 1691 695 1720 numeramus,
725 1691 865 1712 necesse
895 1684 947 1712 est
969 1680 1013 1712 ab
1043 1680 1132 1712 omni
1164 1679 1285 1712 iniuria

187 1727 408 1761 defendet-12⁶⁶.
448 1724 533 1757 illud
547 1725 647 1767 igitur
663 1723 832 1766 indignum
856 1724 965 1754 visum
988 1727 1040 1754 est
1062 1722 1286 1762 senatoribus,

190 1783 288 1811 eum,
319 1771 372 1802 cui
402 1770 465 1812 ipsi
496 1779 597 1812 pares
629 1767 792 1811 dignitate
824 1772 955 1806 essent,
987 1766 1110 1808 quique
1131 1766 1174 1798 ab
1204 1766 1286 1808 ipsis

188 1825 288 1849 omne
318 1813 494 1855 imperium
525 1811 756 1853 honoremque
785 1810 994 1853 accepisset,
1027 1810 1062 1842 in
1092 1819 1131 1842 se
1160 1808 1286 1841 habere

184 1860 278 1891 vitae
300 1856 461 1897 necisque
483 1859 700 1897 potestatem.

272 1908 345 1943 Sed
369 1914 406 1941 ut
429 1907 568 1941 redeam
591 1905 635 1939 ad
657 1905 705 1946 id,
728 1916 749 1938 a
773 1916 839 1948 quo
861 1903 1035 1948 profectus
1055 1914 1140 1944 sum,
1165 1903 1285 1937 utrius-

184 1964 249 1997 que
271 1953 364 1991 iuris,
388 1951 433 1983 de
455 1962 521 1993 quo
544 1950 627 1990 dixi,
649 1949 839 1991 frequentia
860 1953 937 1980 sunt
961 1949 994 1979 in
1017 1947 1159 1979 historia
1181 1948 1285 1990 impe-

184 2003 333 2031 ratorum
365 1994 520 2039 vestigia.
577 1992 658 2028 Non
695 1997 910 2026 numerantur
943 1991 1031 2025 inter
1063 1991 1285 2035 imperatores

185 2042 358 2073 Romanos
390 2038 601 2070 Pescennius
632 2036 760 2079 Niger,
794 2036 935 2067 Clodius
963 2035 1124 2074 Albinus,
1153 2034 1284 2076 reliqui,

185 2094 271 2127 quos
294 2087 433 2116 senatus
457 2091 523 2115 non
546 2078 773 2117 confirmavit.
809 2077 878 2113 lam
901 2077 1054 2112 Tiberius
1076 2082 1189 2111 autem
1213 2083 1284 2110 tan-

186 2137 285 2169 quam
298 2132 437 2158 coactus
452 2136 474 2157 a
489 2129 609 2157 senatu
625 2124 801 2166 imperium
818 2122 967 2164 suscepit
979 2121 1072 2162 (Tac.
1085 2122 1171 2153 Anu.
1189 2123 1216 2159 Ι,
1232 2121 1283 2153 13.

186 2172 281 2203 Suet.
305 2168 377 2201 Tib.
401 2170 460 2210 ⁴24)
484 2168 540 2210 qui
563 2172 598 2199 ut
621 2167 664 2199 de
688 2166 830 2199 minimis
853 2165 1039 2208 quibusque
1064 2164 1166 2197 rebus
1189 2164 1283 2197 initio

186 2213 232 2246 ad
256 2217 407 2245 senatum
430 2211 594 2250 retulerit,
618 2209 877 2251 observaritque
897 2213 1097 2247 senatores,
1122 2219 1142 2240 e
1166 2206 1284 2240 Tacito

187 2262 303 2289 notum
326 2260 387 2287 est.
434 2253 491 2296 (cs.
505 2253 649 2287 Molitor
671 2253 692 2286 l.
704 2253 726 2285 1.
751 2251 986 2295 p.2t)2-·206)
1011 2251 1167 2294 Caligula
1188 2262 1210 2283 a
1232 2261 1284 2283 se-

187 2305 268 2333 natu
291 2297 531 2337 confirmatus,
562 2297 715 2340 promisit
745 2297 778 2329 in
808 2297 901 2329 curia
930 2307 969 2329 se
1001 2295 1177 2338 imperium
1209 2305 1283 2328 cum

186 2348 308 2375 senatu
340 2342 660 2373 communicaturum
684 2340 800 2382 (Suet.
825 2339 895 2372 Cal.
923 2340 998 2382 14).
1046 2338 1125 2374 Quo
1148 2343 1283 2371 mortuo

187 2385 346 2420 consules
375 2395 450 2417 cum
479 2390 598 2418 senatu
630 2383 737 2417 forum
764 2382 1032 2434 Capitoliumque
1064 2387 1283 2425 occuparunt,

186 2428 353 2464 asserturi
383 2438 592 2461 communem
614 2427 821 2468 libertatem,
853 2436 1006 2470 quamvis
1028 2426 1186 2470 segniore
1217 2426 1283 2458 iam

184 2478 326 2514 senatu,
373 2482 449 2505 uam
472 2478 507 2504 ut
538 2476 800 2513 exsequeretur,
824 2481 910 2512 qnae
934 2471 1139 2503 decreverat
1162 2470 1281 2511 (Suet.

187 2517 308 2551 Claud.
377 2539 386 2547 .
409 2514 479 2547 Dio
502 2514 555 2554 60,
580 2516 625 2556 1).
667 2513 800 2546 Neroni
822 2514 913 2546 SCto
936 2514 1110 2555 imperium
1135 2512 1283 2546 delatum

186 2566 258 2601 est,
293 2558 517 2604 promisitque
545 2568 583 2590 se
612 2557 680 2590 anti
705 2567 748 2589 ua
776 2556 889 2589 munia
918 2556 1048 2588 senatui
1079 2556 1283 2589 relicturum.

184 2604 266 2637 Tac.
289 2604 377 2636 Ann.
404 2603 458 2642 12,
479 2602 533 2636 69.
560 2602 611 2639 13,
632 2602 664 2633 4.
716 2600 758 2633 ul.
773 2600 919 2642 Capitol.
945 2610 977 2631 v.
994 2599 1091 2633 Clod.
1105 2600 1217 2632 Albini
1233 2601 1282 2634 13.

186 2647 239 2681 Et
263 2656 392 2689 usque
414 2644 467 2679 ad
489 2643 704 2678 Neronem
727 2649 910 2676 senatus
933 2644 1185 2676 auctoritas
1209 2653 1283 2676 va·

187 2690 295 2729 luit,
333 2689 406 2731 qui
440 2687 670 2721 sordidum
704 2692 744 2719 et
781 2687 992 2728 impurum
1030 2687 1283 2728 principem

189 2732 390 2766 damnare
412 2741 494 2765 non
518 2729 685 2769 timuit,
708 2739 828 2771 quum
851 2729 1103 2763 sententiae
1125 2729 1165 2762 in
1190 2738 1282 2762 eum

189 2776 339 2808 dictae
362 2780 482 2815 sunt,
518 2774 590 2817 qui
614 2773 736 2806 vitae
765 2774 977 2815 necisque
1008 2778 1283 2816 potestatem

189 2825 323 2860 atque
361 2819 586 2861 imperium
627 2822 727 2847 tunc
766 2816 961 2847 tenebat.
1029 2815 1070 2847 cf.
1110 2816 1284 2848 Thraseae

189 2861 381 2907 exemplum
411 2873 464 2906 ap.
497 2860 577 2895 Tac
610 2859 697 2894 Anu.
730 2860 789 2902 14,
820 2858 874 2893 49.
920 2856 965 2892 Et
987 2857 1129 2894 Nerone
1151 2864 1284 2894 mortuo

1407 481 1520 518 patres
1540 474 1630 514 laeti,
1654 478 1815 517 usurpata
1833 474 1945 506 statim
1968 473 2124 506 libertate
2146 473 2300 507 licentius
2324 475 2439 508 statim
2467 481 2503 509 ut

1408 530 1489 562 erga
1512 518 1695 561 principem
1718 528 1841 549 novum
1865 522 1898 549 et
1917 517 2092 550 absentem
2108 528 2230 560 egere:
2299 528 2350 550 ac.
2365 518 2450 550 Hist.
2464 520 2502 561 4)

1407 562 1452 594 ad
1484 561 1574 603 qnod
1605 566 1736 603 tempus
1766 560 1950 602 respiciens
1980 560 2114 593 biennio
2145 566 2222 603 post
2274 560 2379 594 urtius
2401 559 2501 594 Mon-

1407 609 1504 637 tanus
1534 614 1588 646 ap.
1612 603 1691 636 Tac.
1713 603 1754 636 11.
1778 606 1818 643 4,
1850 602 1893 635 52
1924 602 2196 646 ‚,Elanguimus,
2229 604 2356 646 inquit,
2388 608 2503 646 patres

1407 647 1609 690 conscripti,
1645 657 1708 680 nec
1744 647 1808 680 iam
1841 645 1897 679 ille
1932 651 2069 680 senatus
2103 657 2235 688 sumus,
2273 647 2348 690 qui,
2386 646 2501 680 occiso

1407 690 1558 729 Nerone,
1578 690 1750 723 delatores
1771 695 1805 722 et
1824 690 1993 722 ministros
2013 700 2108 722 more
2129 691 2291 722 maiorum
2312 689 2501 733 puniendos

1405 732 1622 776 flagitabam
1667 732 1712 766 Et
1734 745 1764 766 a.
1789 733 1831 765 70
1852 738 1990 765 senatus
2013 732 2196 776 populique
2218 732 2361 766 Romani
2383 733 2501 765 oblite·

1408 782 1482 809 rata
1494 777 1559 809 iam
1572 777 1707 809 nomina
1719 782 1928 809 sacramento
1942 776 2156 809 advocabant
2170 776 2265 819 (Tac.
2276 777 2317 810 H.
2332 777 2362 817 l,
2373 777 2428 816 55,
2441 776 2499 819 56)

1407 824 1549 863 eratque
1573 820 1743 853 etiamtum
1766 820 1893 863 grande
1916 824 2117 852 momentum
2141 820 2173 853 in
2198 821 2332 853 nomine
2354 819 2443 853 urbis
2466 825 2501 853 et

1407 868 1588 906 praetextu
1612 868 1749 897 senatus
1773 862 1867 906 (l'ac.
1891 862 1933 897 11.
1959 862 1988 903 l,
2011 864 2062 898 76.
2086 862 2140 896 84.
2164 861 2218 896 90.
2264 864 2296 903 2,
2319 862 2372 897 32.
2397 863 2466 905 37).

1495 915 1722 958 Vespasianus
1752 921 1905 949 senatum
1935 916 2037 948 coluit
2068 915 2160 959 (nio
2189 916 2253 956 66,
2287 915 2364 958 lo).
2407 915 2501 949 'l’itus

1407 968 1576 1000 nunquam
1601 965 1794 991 senatorum
1841 970 2003 1002 uenquam
2026 959 2192 992 interemit
2215 959 2308 1001 (Dio
2330 961 2392 999 66,
2423 959 2462 991 19
2473 961 2500 1002 ),

1407 1011 1474 1043 quo
1506 1000 1727 1035 vehementer
1757 971 1894 1035 laudato
1925 1014 1946 1035 a
1968 1002 2161 1036 Domitiano
2193 1002 2303 1046 legem
2334 1003 2417 1045 petit
2448 1013 2498 1035 se-

1405 1049 1517 1083 natus,
1540 1055 1583 1076 ne
1606 1047 1747 1088 principi
1770 1047 1882 1086 liceat,
1904 1052 2095 1078 senatorem
2117 1046 2275 1078 occidere
2288 1046 2372 1088 (Dio
2383 1047 2438 1086 67,
2451 1046 2498 1087 2).

1406 1086 1511 1122 Quod
1535 1097 1636 1128 «plum
1661 1088 1784 1121 frustra
1800 1089 1946 1128 iecisset,
1974 1099 2071 1130 quem
2094 1090 2208 1121 vivum
2232 1090 2399 1128 timuerat,
2424 1099 2500 1122 eum

1406 1134 1575 1161 mortuum
1598 1131 1842 1164 contumeliose
1865 1132 2038 1170 tractavit3
2064 1132 2201 1174 eiusque
2224 1142 2347 1174 corpus
2369 1131 2412 1164 ad
2432 1131 2498 1163 Ge-

1406 1173 1537 1205 monias
1561 1174 1690 1215 profici,
1713 1175 1875 1216 imagines
1899 1174 2049 1213 detrahi,
2076 1174 2343 1216 abolendamque
2366 1185 2501 1207 omnem

1406 1216 1601 1248 memoriam
1624 1216 1717 1249 scio
1741 1216 1893 1250 decrevit
1924 1217 2088 1259 (Sueton.
2113 1217 2238 1250 Domit.
2262 1220 2338 1261 ⁸23).
2382 1216 2501 1250 Nerva

1406 1258 1531 1300 primus
1561 1259 1705 1299 iuravit,
1739 1271 1778 1292 se
1808 1272 1870 1293 suo
1900 1260 1993 1293 iussu
2023 1267 2215 1294 senatorem
2248 1261 2500 1294 interfecturum

1404 1311 1572 1343 nunquam
1596 1313 1692 1342 esse,
1717 1303 1884 1345 promisso
1910 1313 1971 1344 ue,
2006 1305 2158 1346 quamvis
2180 1315 2201 1337 a
2224 1304 2420 1359 quibusdam
2442 1314 2500 1347 pe-

1404 1344 1495 1384 titus,
1519 1346 1631 1377 stetit:
1656 1346 1740 1388 (Dio
1756 1346 1811 1386 63,
1836 1348 1872 1388 2)
1897 1346 2053 1388 idemque
2076 1348 2398 1381 senatui'lraianum
2420 1348 2501 1380 scri-

1404 1389 1512 1431 psisse
1536 1389 1669 1430 dicunt,
1692 1390 1738 1426 ὠς
1760 1391 1878 1423 οὐδένα
1900 1390 2009 1436 ἄνδρα
2032 1391 2163 1434 αγαθόν
2185 1392 2368 1434 ἅποσιμὶξοι
2390 1392 2410 1433 ἦ
2432 1392 2501 1425 ἀτι-

1403 1436 1523 1476 μιὶσοι·
1561 1433 1757 1474 adduntque
1781 1433 1868 1465 hunc
1890 1433 1935 1465 ad
1966 1439 2117 1465 senatum
2149 1435 2338 1466 orationem
2369 1435 2499 1466 mittere

1405 1475 1567 1516 voluisse,
1591 1476 1772 1519 petiturum
1792 1481 1838 1516 ut,
1861 1475 1889 1509 si
1912 1475 1992 1519 quid
2014 1475 2078 1510 sibi
2100 1476 2292 1517 accidisset,
2317 1477 2500 1520 principem

1405 1519 1581 1552 Romanae
1618 1519 1823 1561 reipublicae
1856 1524 1994 1551 senatus
2030 1519 2146 1560 daret,
2182 1520 2304 1552 additis
2339 1521 2499 1553 duntaxat

1406 1562 1614 1602 nominibus,
1648 1572 1691 1594 ex
1722 1561 1841 1605 quibus
1873 1562 2034 1606 optimum
2066 1562 2155 1595 idem
2187 1568 2325 1596 senatus
2359 1563 2501 1609 eligeret

1409 1605 1500 1646 (Dio
1522 1605 1583 1643 68,
1607 1607 1637 1637 5.
1682 1606 1794 1646 Spart.
1818 1605 1923 1637 Hadr.
1947 1607 2001 1646 4).
2046 1606 2235 1638 Hadrianus
2256 1618 2278 1638 a
2299 1613 2418 1640 senatu
2442 1618 2498 1639 ve*

1408 1648 1495 1678 niam
1521 1648 1634 1689 petiit,
1668 1647 1760 1690 quod
1782 1647 1825 1679 de
1848 1648 1990 1690 imperio
2014 1658 2076 1680 suo
2099 1648 2256 1680 iudicium
2280 1649 2410 1681 senatui
2432 1658 2500 1681 non

1410 1689 1580 1729 dedisset,
1611 1695 1643 1721 et
1667 1690 1881 1722 iureiurando
1905 1690 2044 1731 eodem,
2076 1701 2142 1733 quo
2165 1692 2232 1731 illi,
2260 1703 2298 1724 se
2321 1693 2501 1724 obstrinxit

1411 1732 1498 1774 (Dio
1521 1731 1576 1772 69,
1599 1731 1630 1765 2.
1665 1734 1778 1775 Spart.
1793 1733 1966 1776 Hadr.6):
1990 1733 2033 1766 de
2056 1735 2147 1768 cuius
2171 1734 2294 1768 divinis
2316 1734 2501 1768 honoribus

1414 1780 1493 1819 post
1524 1781 1668 1809 mortem
1699 1777 1771 1810 eius
1802 1782 2017 1810 recusaturus
2045 1783 2123 1811 <erat
2154 1784 2292 1812 senatus
2323 1779 2381 1812 διά
2413 1791 2501 1815 τινας

1413 1821 1532 1861 φόνους
1560 1820 1728 1870 ἐπιφανῶν
1749 1821 1880 1866 ἀνδρῶν
1901 1819 1986 1863 (Dio
2009 1820 2068 1861 70,
2101 1821 2147 1864 1).
2194 1822 2381 1855 Antoninus
2403 1821 2499 1861 Pius,

1414 1867 1449 1892 ut
1471 1862 1517 1892 ait
1541 1861 1748 1903 Capitolinus
1771 1863 1803 1895 in
1826 1864 1897 1895 eius
1920 1864 1991 1895 vita
2013 1873 2042 1895 c.
2066 1863 2109 1904 6,
2138 1865 2268 1896 senatui
2291 1869 2419 1896 tantum
2441 1864 2498 1896 de-

1412 1903 1498 1944 tulit,
1521 1909 1689 1947 quantum,
1712 1915 1813 1948 quum
1830 1906 1981 1949 privatus
2003 1911 2108 1946 esset,
2132 1906 2259 1940 deferri
2281 1907 2344 1940 sibi
2366 1908 2409 1941 ab
2431 1907 2499 1941 alio

1411 1947 1561 1991 principe
1583 1949 1731 1991 optavit,
1759 1959 1876 1994 sempe
1918 1959 1959 1982 ue
1981 1960 2003 1982 a
2025 1950 2132 1983 caede
2152 1953 2354 1991 senatorum}
2375 1950 2499 1984 abhor-
2540 1965 2544 1971 ·

1411 1992 1515 2025 rebat.
1550 1990 1600 2025 Μ.
1626 1992 1827 2026 Antoninum
1850 1993 1906 2036 phi
1922 2005 1985 2026 oso
2011 1993 2089 2027 lium
2109 1994 2197 2027 idem
2221 1994 2430 2036 Capitolinus
2453 1996 2500 2027 ait

1410 2045 1432 2066 a
1453 2039 1569 2066 senatu
1590 2040 1744 2067 coactum
1768 2037 1914 2080 regImen
1938 2046 1960 2079 p
2006 2036 2104 2073 licum
2125 2038 2268 2080 cepisse,
2291 2036 2501 2081 eundemque

1411 2088 1521 2120 neque
1543 2084 1733 2112 senatorem
1758 2090 1902 2122 unquam
1925 2091 2084 2120 necasse,
2116 2085 2149 2112 et
2172 2086 2249 2123 post
2273 2080 2500 2114 defectionem
2568 2090 2569 2093 ’

1411 2121 1603 2153 Cassianam
1626 2128 1776 2155 senatum
1800 2124 1954 2156 oravisse
1976 2129 2076 2165 atque
2092 2123 2341 2164 obsecravisse,
2364 2134 2407 2156 ne
2426 2125 2501 2166 quis

1410 2176 1431 2196 a
1464 2170 1581 2196 senatu
1612 2171 1806 2203 senatorum
1840 2167 2012 2209 puniretur
2041 2177 2130 2198 neve
2160 2167 2253 2199 cuius
2289 2178 2352 2200 ram
2383 2166 2500 2200 funde-

1411 2212 1504 2240 retur
1531 2208 1595 2241 viri
1625 2208 1747 2241 nobilis
1777 2210 1923 2252 sanguis.
1970 2220 2002 2242 v.
2028 2209 2076 2242 Ca
2102 2210 2136 2242 it.
2167 2221 2200 2242 v.
2271 2236 2278 2242 .
2302 2211 2379 2243 Ant.
2411 2222 2440 2243 c.
2469 2214 2498 2245 7.

1410 2250 1463 2283 25.
1486 2250 1539 2285 26.
1583 2251 1713 2285 Vulcat.
1745 2253 1905 2285 Gallican.
1937 2263 1970 2285 v.
2002 2253 2101 2285 Avi«.
2127 2252 2221 2286 Cass.
2248 2253 2297 2286 12.
2344 2253 2499 2287 Commo-

1412 2294 1508 2334 dum,
1539 2295 1594 2336 qui
1616 2296 1797 2328 crudeliter
1819 2296 1851 2329 in
1875 2301 2052 2329 senatores
2075 2303 2247 2339 grassatus
2269 2303 2343 2331 erat
2376 2299 2498 2340 (Lam-

1410 2337 1496 2391 prid.
1520 2347 1553 2369 v.
1579 2337 1706 2371 Comm.
1733 2340 1764 2372 4.
1789 2339 1820 2372 5.
1866 2338 1996 2372 Herod.
2024 2339 2053 2380 1,
2076 2340 2109 2380 8,
2133 2342 2164 2375 7.
2187 2342 2237 2384 8),
2260 2346 2295 2374 et
2317 2341 2431 2375 vivum
2454 2341 2500 2374 illi

1410 2380 1602 2415 interficere
1625 2383 1737 2415 conati
1760 2387 1838 2415 sunt
1860 2382 1946 2424 (nto
1970 2383 2022 2424 72,
2045 2385 2101 2426 4),
2126 2390 2160 2417 et
2183 2390 2348 2418 mortuum
2371 2397 2501 2418 summa

1411 2424 1612 2458 contumelia
1621 2425 1805 2459 affecerunt
1817 2425 1902 2469 (Dio
1915 2426 1968 2467 73,
1985 2429 2012 2462 1.
2024 2426 2160 2471 Lampr.
2173 2439 2206 2462 v.
2221 2427 2350 2462 Comm.
2366 2429 2415 2462 18.
2433 2428 2499 2472 19).

1410 2468 1573 2505 Pertinax
1602 2475 1712 2502 autem
1742 2470 1852 2503 statim
1884 2477 2058 2513 postquam
2092 2472 2275 2516 imperator
2306 2472 2413 2505 sactus
2436 2479 2500 2513 est,

1410 2512 1539 2544 curiam
1561 2512 1655 2552 adiit,
1679 2512 1763 2554 (Dio
1777 2515 1828 2553 73,
1845 2513 1878 2556 1)
1896 2514 1996 2546 coluit
2011 2520 2164 2547 senatum
2180 2514 2304 2558 (Capit.
2318 2515 2412 2548 Pert.
2429 2515 2499 2558 13),

1410 2555 1577 2588 neminem
1607 2566 1748 2598 unquam
1775 2563 1965 2591 senatorum
1989 2558 2158 2591 interfecit
2189 2559 2283 2601 (Dio
2315 2559 2376 2599 73,
2407 2559 2437 2591 5.
2467 2559 2498 2592 S.

1411 2598 1555 2641 Capitol.
1570 2597 1664 2631 Pert.
1677 2601 1707 2632 6.
1724 2599 1771 2641 9).
1809 2600 1909 2633 Didio
1927 2600 2053 2634 iuliano
2069 2612 2131 2645 per
2148 2607 2301 2634 senatum
2325 2603 2499 2646 imperium

1410 2642 1621 2682 abu-ovatum,
1644 2642 1854 2685 delatmnque
1877 2650 1928 2676 est
1951 2645 2082 2678 Severo
2106 2644 2191 2688 (Dio
2212 2645 2265 2685 73,
2290 2645 2340 2679 12.
2385 2648 2411 2679 S
2426 2652 2499 2679 mrt.

1410 2667 1626 2727 lucifluis),
1649 2686 1713 2727 qui,
1736 2688 1887 2727 quamvis
1909 2688 2061 2720 inimicus
2083 2689 2226 2727 senatui,
2250 2694 2362 2720 tamen
2374 2658 2501 2721 SCtum

1410 2725 1487 2760 fieri
1510 2727 1623 2769 iussit,
1655 2739 1696 2761 ne
1719 2728 1908 2764 inconsulto
1931 2736 2049 2764 senatu
2080 2730 2279 2775 imperatori
2310 2736 2501 2764 senatorem

1412 2772 1524 2813 capite
1557 2772 1703 2813 plectere
1725 2773 1862 2814 liceret,
1896 2775 1924 2807 si
1953 2785 2050 2807 secus
2079 2774 2229 2815 faceret,
2261 2774 2367 2807 hostis
2391 2775 2500 2818 reipu-

1412 2815 1522 2846 blic-ae
1546 2813 1726 2847 haberetur
1749 2818 1880 2858 (Spart.
1904 2818 2024 2849 Sever.
2049 2818 2080 2849 7.
2126 2818 2194 2849 Dio
2218 2818 2271 2855 74,
2294 2817 2342 2859 2).
2387 2817 2499 2853 Quan-

1413 2868 1512 2901 quam
1534 2864 1654 2901 postea
1676 2858 1772 2893 huius
1796 2860 1879 2905 legis
1901 2861 2077 2895 immemor
2100 2860 2170 2894 fuit.
2205 2859 2316 2894 Etiam
2329 2861 2503 2896 cau-amana
