2720 3402
162 128 258 180 48

167 299 225 308 --
262 300 321 308 —
356 273 551 321 Restitit
582 279 628 319 et
659 270 861 334 pervicit
894 271 1024 317 Cato.
1088 270 1254 332 Itaque
1288 285 1433 328 nunc,
1467 270 1656 318 consule
1684 269 1738 316 -in
1770 284 1957 319 carcere
1989 269 2169 321 incluso
2183 305 2195 327 ‚
2239 286 2381 336 saepe
2414 273 2527 322 item

165 346 398 394 seditione
431 350 680 399 commota,
723 343 949 406 aspiravit
981 359 1119 389 nemo
1154 360 1341 401 eorum,
1386 358 1579 404 quorum
1611 358 1698 404 ego
1732 357 1960 389 concursu
1992 342 2196 403 itemque
2227 343 2263 389 ii
2296 348 2527 404 consules,

164 420 246 480 qui
279 427 386 481 post
417 433 488 463 me
515 417 728 472 fuerunt,
774 415 1111 477 rempublicam
1144 416 1401 463 defendere
1435 416 1700 461 solebant“.
1745 440 1803 448 —
1868 414 2034 474 Neque
2075 414 2208 475 prius
2251 430 2307 462 ea
2347 433 2426 464 res
2469 419 2528 475 ad

165 493 307 539 finem
340 491 534 537 adducta
567 495 663 545 est,
710 502 847 549 quam
881 489 1079 546 Caesar,
1123 490 1201 536 Cs.
1236 505 1275 536 a.
1309 490 1395 545 59,
1437 494 1680 550 postquam
1712 487 1936 548 populum
1968 486 2075 547 lege
2108 486 2289 548 agraria
2321 488 2411 536 sibi
2444 490 2527 545 dee

166 565 337 617 vinxit,
358 561 413 621 75)
447 560 521 617 id,
556 561 680 621 quod
712 560 1041 618 inchoaverat,
1085 562 1309 623 perfecit,
1350 576 1444 609 non
1477 560 1543 606 ita
1574 559 1782 620 quidem,
1824 564 1877 604 ut
1906 557 2209 606 induceretur
2239 561 2409 618 locatio
2442 564 2528 617 sed

165 646 216 683 ut
256 633 392 680 tertia
434 648 545 694 pars
588 634 857 679 mercedum
900 633 1160 695 publicanis
1193 634 1524 682 remitteretur.
1543 631 1602 693 ⁷⁶)
1673 631 1780 677 Hac
1811 628 2086 677 remissione
2119 631 2226 677 data
2258 648 2345 694 per
2375 650 2527 696 popu-

163 711 269 760 lum,
303 721 444 766 quum
477 721 533 751 ea
567 722 645 751 res
678 706 738 751 ad
770 712 982 751 senatum
1015 705 1297 766 pertineret,
1331 705 1510 766 equites
1543 703 1609 749 ita
1641 719 1797 749 secum
1830 703 2003 748 Caesar
2021 702 2300 761 coniunxit,
2333 711 2386 750 ut
2418 722 2524 752 eum

161 787 377 839 tanquam
411 777 551 823 deum
584 778 809 824 colerent.
833 777 891 839 Π)
958 778 1075 823 Tam
1108 776 1292 823 infirma
1324 776 1416 823 fuit
1447 766 1697 822 concordia
1728 776 1963 832 ordinum,
1998 779 2183 836 tamque
2217 774 2445 835 incertum
2477 778 2526 824 in

159 850 369 913 equitum
409 849 504 896 fide
537 850 824 913 praesidium
859 864 989 905 esse,
1032 849 1245 895 laudator
1277 848 1379 895 eius
1412 846 1589 895 ordinis
1622 847 1726 910 ipse
1760 861 1879 898 anno
1921 852 2145 908 sequente
2179 853 2403 910 expertus
2437 856 2524 898 est.

158 926 253 987 Qui
297 938 558 984 quanquam
600 923 782 968 timoris
825 930 920 967 tum
965 922 1190 982 temporis
1235 921 1448 966 ordinem
1481 922 1657 983 arguit,
1683 921 1741 982 ⁷⁸)
1775 927 1929 965 tamen
1959 920 2051 965 iam
2088 935 2240 981 neque
2281 920 2332 965 in
2374 923 2523 968 altero

158 1015 310 1059 neque
345 996 394 1041 in
428 996 672 1042 coniuncto
698 1003 895 1054 utroque
927 994 1089 1039 ordine
1123 993 1250 1038 vires
1283 993 1570 1054 reipublicae
1604 1002 1751 1050 erant,
1785 992 1915 1038 cuius
1947 991 2156 1054 regimen
2188 992 2270 1037 uni
2302 1003 2522 1041 cesserat.

158 1072 296 1116 Anno
322 1069 386 1113 49
411 1085 450 1112 a.
479 1068 585 1112 Chr.
612 1083 657 1112 n.
685 1082 823 1126 quum
857 1066 1112 1112 secundum
1145 1067 1319 1112 bellum
1352 1065 1491 1111 civile
1524 1065 1802 1121 immineret,
1835 1064 2063 1126 Pompeio
2096 1065 2363 1126 paucisque,
2397 1068 2523 1128 apud

159 1158 275 1203 quos
308 1148 404 1187 tum
438 1144 538 1185 erat
568 1138 854 1200 reipublicae
887 1137 1255 1197 iudiciorumque
1288 1137 1523 1198 potentia,
1542 1138 1599 1199 79)
1634 1137 1774 1184 etiam
1807 1137 1986 1198 equites
2018 1138 2254 1198 plerique,
2296 1153 2521 1186 novarum

159 1229 315 1263 rerum
349 1210 630 1269 adversarii,
664 1216 975 1257 accesserunt.
1047 1209 1327 1272 Pompeium
1361 1210 1511 1257 Roma
1544 1211 1750 1273 Capuam
1782 1211 2085 1257 decedentem
2119 1217 2359 1259 senatores
2392 1211 2523 1274 equi—

156 1296 346 1347 tumque
379 1286 610 1347 primores
634 1284 695 1344 ΘΟ)
729 1285 876 1329 secuti
909 1291 1041 1339 sunt,
1084 1291 1136 1329 ut
1168 1284 1292 1327 inter
1324 1290 1507 1343 septem
1539 1283 1685 1329 millia
1717 1284 1949 1343 equitum,
1982 1299 2099 1343 quos
2131 1286 2352 1340 habebat,
2385 1287 2520 1331 multi

157 1360 338 1419 equites
373 1358 574 1403 Romani
609 1357 897 1415 iuvenesque
940 1356 1122 1401 nobiles
1156 1363 1337 1411 essent,
1362 1355 1423 1415 ⁸¹)
1467 1361 1627 1400 contra
1659 1371 1800 1414 quos,
1844 1356 1971 1400 cultu
2005 1371 2327 1416 armorumque
2369 1358 2521 1404 nitore

156 1431 461 1492 splendentes
504 1430 788 1475 celebratum
829 1426 969 1474 illud:
1012 1427 1151 1473 Miles
1197 1428 1361 1474 faciem
1394 1426 1510 1474 feri!
1554 1443 1580 1473 a
1613 1427 1814 1474 Caesare
1857 1427 1905 1474 in
1947 1444 2104 1489 pugna
2134 1427 2406 1477 Pharsalica
2448 1430 2519 1477 di—

158 1511 283 1551 ctum
317 1508 404 1549 est.
436 1500 497 1564 82)
563 1501 657 1549 Ubi
689 1508 845 1549 autem
878 1500 1051 1548 Caesar
1091 1499 1216 1547 bello
1249 1498 1383 1548 finito
1427 1498 1626 1548 dictator
1657 1498 1853 1547 Romam
1894 1515 2117 1547 reversus
2150 1506 2246 1559 est,
2289 1500 2519 1565 desiitque

160 1691 205 1775 ἔξ)
227 1687 328 1766 giis}
348 1686 524 1765 &gam-¹&
559 1729 639 1763 Dio.
663 1728 684 1762 l.
709 1729 731 1763 l.
767 1729 870 1766 Quod
892 1728 1107 1763 Drumannus
1130 1728 1163 1770 3,
1186 1740 1218 1773 p.
1236 1728 1302 1762 210

200 1776 291 1814 dicit,
315 1774 528 1817 rogationem
551 1783 646 1806 suam
659 1772 842 1806 caesarem
865 1774 911 1805 ita
934 1773 1063 1813 tulisse,
1086 1778 1121 1804 ut
1145 1773 1301 1805 damnum

198 1830 237 1851 se
268 1818 408 1850 dixisset
439 1817 530 1850 velle
560 1817 736 1857 resarciri,
768 1817 857 1858 quod
887 1816 1055 1858 publicani
1085 1826 1147 1858 per
1176 1816 1302 1848 bellum

197 1861 466 1894 Mithridaticum
488 1870 570 1892 acce
595 1860 712 1900 issent,
736 1864 883 1899 secutus,
908 1859 1025 1899 credo,
1048 1858 1163 1891 Schol.
1185 1858 1300 1891 Ambr.

195 1905 239 1938 ad
264 1903 333 1937 Cic.
358 1913 409 1947 pr.
427 1902 545 1936 Plane.
571 1870 624 1943 i'4,
647 1902 691 1934 de
715 1913 757 1935 eo
780 1908 862 1946 puto
887 1902 1011 1934 rectius
1034 1902 1159 1934 dixisse
1184 1901 1299 1934 Garat.

191 1948 238 1982 ad
262 1948 295 1980 h.
319 1948 340 1980 Ι.
385 1946 477 1981 Nam
501 1946 593 1990 quod
615 1946 798 1979 Suetonius
820 1956 852 1979 v.
876 1945 973 1978 Caes.
998 1956 1026 1978 c.
1050 1945 1094 1978 20
1116 1945 1197 1986 dixi,
1215 1944 1298 1978 Cae·

192 2001 304 2023 sarem
336 1990 528 2029 monuisse,
561 2000 604 2022 ne
626 1990 660 2021 in
683 1989 853 2029 locatione
885 1999 1052 2021 novorum
1083 1989 1299 2031 vectigalium

190 2033 447 2067 immoderatius
471 2033 668 2072 licen-entur,
693 2032 795 2065 docet
817 2032 955 2075 petendi
978 2042 1131 2064 caussam
1155 2032 1299 2064 eandem

189 2077 368 2116 mansisse,
393 2086 479 2118 quae
497 2081 600 2109 antea
617 2075 689 2108 fuit.
722 2074 846 2118 Neque
865 2080 996 2118 turpem
1016 2085 1171 2107 caussam
1191 2075 1297 2117 publi—

192 2121 266 2153 cani
282 2119 501 2162 protulissent
519 2124 631 2159 antea,
653 2119 682 2152 si
699 2123 767 2152 tam
782 2119 903 2154 iustam
918 2118 1108 2162 potuissent
1128 2118 1295 2161 proferre.

153 2176 196 2215 τι)
221 2174 306 2215 App.
327 2172 361 2212 2,
387 2172 437 2205 13.

153 2229 197 2268 τε)
220 2226 263 2258 ad
287 2225 329 2260 Q..
353 2221 445 2258 sr‘atr.
472 2225 502 2265 l,
525 2226 559 2265 4,
581 2226 611 2257 4·

152 2282 196 2320 ¹¹⁹)
222 2278 318 2310 Caes.
341 2277 383 2310 Β,
407 2278 444 2310 C.
470 2278 500 2316 l,
523 2279 553 2309 4.

150 2333 197 2374 0⁰)
221 2329 289 2362 Dio
312 2329 368 2369 41,
389 2328 420 2361 6.
466 2334 600 2362 ceteros
622 2328 656 2361 ll.
680 2338 712 2362 v.
736 2339 789 2373 ap.
813 2328 931 2362 Drum.
959 2328 991 2370 3,
1014 2339 1047 2372 p.
1071 2327 1147 2369 425,
1182 2337 1214 2361 n.
1237 2326 1290 2360 al.

391 2383 407 2399 τ·
489 2388 498 2398 .
591 2383 600 2391 ·
1261 2386 1275 2392 ·-

149 2382 712 2469 ⁸¹{124223233133’522Q335
733 2382 1146 2469 {35053,¹¹¹{;..¹Z.2.¹;¹}'22.‘33;
1178 2384 1292 2469 55:525

188 2470 245 2503 καὶ
267 2471 398 2512 πλουτῳ
418 2469 474 2500 καὶ
500 2471 688 2514 φρονήμασι
721 2469 939 2513 διαφέροντες.
984 2469 1111 2501 Lucan.
1136 2469 1177 2508 7,
1211 2468 1286 2500 581.

186 2512 418 2546 Permixta
439 2511 634 2544 secundo
659 2510 813 2544 ordine
835 2511 1051 2545 nobilitas.
1096 2512 1219 2546 Senee.
1232 2522 1285 2565 ep.

190 2556 253 2589 103
276 2567 308 2598 p.
335 2555 398 2587 145
425 2553 504 2596 Bip.
550 2555 593 2587 Si
627 2555 767 2588 animo
802 2554 1045 2595 complecti
1079 2556 1286 2588 volueris

187 2599 308 2633 illius
344 2599 426 2631 ima
465 2597 575 2630 inem
607 2597 846 2640 temporis,
880 2597 1052 2631 videbis
1083 2598 1209 2632 illinc
1244 2599 1286 2641 (a

187 2643 366 2685 Caesare)
460 2640 581 2674 ebem
622 2646 662 2673 et
686 2651 847 2674 omnem
887 2646 1074 2675 erectum
1119 2642 1171 2675 ad
1213 2652 1285 2675 res

186 2696 323 2726 novas
346 2695 401 2718 vu
431 2694 546 2728 gum:
579 2683 679 2716 hinc
703 2685 747 2727 (a
768 2683 961 2726 Pompeio)
984 2686 1221 2728 optimates
1243 2690 1284 2719 et

187 2735 441 2771 equestrem
474 2728 691 2767 ordinem,
729 2727 941 2769 quidquid
970 2735 1065 2761 erat
1098 2730 1139 2762 in
1174 2730 1284 2762 civi·

186 2776 279 2805 tate
306 2771 449 2806 sancti
482 2775 524 2804 et
549 2770 675 2803 lectiz
707 2769 814 2803 duos
837 2769 876 2802 in
907 2770 1044 2805 medio
1076 2771 1282 2814 relictos,

184 2817 499 2856 rempublicam
534 2821 576 2847 et
612 2815 828 2846 Catonem.
890 2820 924 2845 et
958 2815 1000 2846 de
1060 2818 1282 2856 rescriptione

183 2857 322 2891 Antonii
346 2856 387 2894 Q..
400 2856 559 2890 Haterius
581 2866 636 2902 ap.
655 2855 776 2889 Seuec.
800 2865 888 2888 suas.
913 2854 931 2886 7
956 2866 987 2901 p.
1011 2827 1056 2889 53
1076 2856 1130 2890 ed.
1142 2857 1281 2892 Amstel.

186 2904 349 2935 Pendet
383 2903 578 2934 nefariae
613 2902 966 2943 proscriptionis
1002 2903 1171 2934 tabula:
1216 2909 1282 2934 tot

1417 1685 1661 1729 praetorii,
1692 1689 1758 1718 tot
1780 1685 2067 1726 consulares,
2098 1690 2162 1719 tot
2193 1687 2417 1729 equestris
2446 1697 2516 1721 or-

1420 1730 1527 1762 dinis
1551 1729 1632 1762 viri
1656 1729 1846 1771 periere:
1882 1740 2006 1763 nemo
2031 1729 2312 1772 relinquitur,
2344 1732 2427 1764 nisi
2449 1732 2518 1776 quii

1419 1772 1590 1804 servire
1613 1772 1765 1814 possit.

1376 1826 1422 1868 ⁸²)
1445 1824 1534 1857 Plut.
1558 1824 1679 1867 Pomp.
1702 1824 1757 1857 69.
1783 1824 1926 1858 nar-<5032
1946 1826 1986 1859 δδ
2006 1826 2245 1871 πεφραγμένον
2264 1827 2355 1870 ΐππφ
2376 1829 2516 1873 τοσαύτῃ

1416 1869 1481 1902 τῶν
1501 1869 1667 1912 πολεμίων
1689 1869 1725 1901 τό
1745 1868 1913 1911 εὐώνυμον
1940 1869 1998 1901 καὶ
2026 1870 2188 1911 φοβηθεὶς
2218 1869 2277 1909 τήν
2302 1871 2515 1915 λαμπρότητα

1417 1910 1475 1965 τοῦ
1496 1911 1659 1966 ὁπλισμοῦ
1677 1928 1775 1936 --
1796 1911 1957 1965 ἰκέλερσυν
1970 1913 2081 1945 παίειν
2102 1912 2193 1953 ἄνους
2218 1916 2514 1965 σνντιτροίσκοντας

1415 1954 2516 2047 3325..ssssZssffi'ssss‘ossssssssaxs„efai-ff‘ssaffggiiaffi'lf

1414 2041 1490 2074 ουδ’
1513 2041 1715 2082 ἀντιβλέψειν
1736 2041 1818 2085 πρὸς
1840 2044 1897 2073 τόν
1910 2041 2048 2085 σίδηρον
2063 2042 2099 2075 ἐν
2114 2043 2304 2085 ὀφθαλμοῖς
2318 2045 2512 2086 γενόμενον.

1414 2088 1449 2116 et
1472 2082 1523 2116 71.
1561 2085 1593 2117 οὶ
1615 2085 1652 2117 δὲ
1676 2084 1822 2125 (equites
1840 2083 2012 2127 Pompeii)
2037 2084 2091 2118 ἅτε
2112 2087 2222 2129 μάχης
2242 2086 2348 2125 πάσης
2371 2086 2510 2132 ἄπειροι,

1414 2128 1560 2167 τοιαύτην
1580 2127 1617 2160 δὲ
1637 2127 1722 2171 μηδὲ
1745 2128 2023 2172 προςδοκῆσαντες
2044 2146 2088 2153 —
2105 2146 2152 2153 —
2191 2129 2198 2138 '
2253 2130 2297 2163 ὥς
2320 2130 2511 2174 ἐτράποντο.

1414 2168 1502 2202 Plut.
1527 2168 1623 2202 Caes.
1647 2169 1700 2203 45.
1745 2170 1907 2212 speravit
1929 2169 2057 2204 Caesar
2082 2171 2209 2216 ἄνδρας
2230 2171 2269 2203 οὐ
2288 2173 2393 2208 πολλὰ
2414 2174 2510 2206 noli-

1410 2223 1497 2256 μοις,
1514 2214 1589 2245 οὐδὲ
1610 2216 1791 2258 τραύμασιν
1811 2213 2025 2257 αῗμιληκότας,
2041 2216 2131 2249 νέους
2150 2214 2254 2247 δὲκαὶ
2272 2217 2441 2257 κομῶντας
2457 2216 2511 2248 'ent

1410 2257 1517 2288 κάλλει
1544 2256 1600 2288 καὶ
1631 2255 1703 2301 ὥρᾳ
1732 2258 1873 2299 μάλιστα
1902 2258 1958 2291 τὰς
1988 2260 2138 2292 τοιαύτας
2160 2257 2285 2300 πληγιὶς
2307 2258 2509 2301 ὑπόψεσθαι,

1407 2300 1465 2330 καὶ
1485 2297 1535 2341 μῆ
1554 2301 1678 2341 μενεῖν,
1710 2300 1768 2331 τάν
1789 2301 1825 2330 ἐν
1848 2300 1901 2342 ,rsa
1999 2302 2067 2331 ὄντι
2096 2300 2250 2331 κίνδυνον
2282 2301 2353 2344 ἅμα
2373 2303 2430 2333 καὶ
2453 2302 2509 2340 τήν

1408 2337 1507 2376 αὖθις·
1537 2343 1694 2385 αἰσχύνην
1723 2341 1923 2385 δεδοόκότας.
2003 2351 2082 2374 uces
2114 2346 2149 2375 et
2180 2342 2312 2385 equites
2342 2343 2375 2376 in
2407 2340 2508 2377 Bruti

1406 2384 1560 2416 exercitu
1590 2395 1674 2419 auro
1706 2390 1741 2420 et
1770 2390 1913 2427 argento
1943 2386 2054 2419 ornati
2085 2391 2190 2419 eram
2235 2386 2354 2419 Duum.
2386 2388 2407 2419 4
2455 2387 2508 2419 43.

1405 2426 1554 2459 Brevius
1576 2426 1762 2459 Plutarcho
1785 2428 1873 2470 App.
1897 2426 1935 2467 2,
1966 2428 2017 2461 78.
2062 2427 2152 2461 Flor.
2176 2429 2218 2468 4,
2245 2428 2278 2468 2,
2302 2429 2355 2463 50.
2400 2410 2502 2462 ὀτοε.

1402 2469 1435 2509 6,
1461 2470 1519 2502 15.
1556 2469 1679 2502 Lucan.
1706 2470 1739 2509 7,
1773 2470 1847 2502 574.
1883 2470 1957 2503 575.
2009 2470 2176 2514 Polyaen.
2208 2471 2242 2511 8,
2276 2471 2331 2512 23,
2365 2472 2417 2505 25.
2441 2473 2504 2515 Ap.

1401 2512 1551 2546 Frontiu.
1574 2512 1678 2546 strat.
1701 2514 1735 2553 4,
1759 2513 1790 2553 7,
1810 2512 1856 2546 32
1901 2513 1937 2547 C.
1963 2514 2147 2552 Caesar,
2183 2524 2308 2557 quum
2331 2515 2374 2548 in
2405 2527 2505 2559 par-

1404 2557 1521 2590 tibus
1544 2555 1819 2599 Pompeianis
1847 2569 1993 2600 magna
2016 2558 2206 2600 equitum
2228 2558 2507 2592 Romanorum

1402 2605 1521 2632 esset
1553 2610 1701 2633 manus
1732 2610 1874 2643 eaque
1899 2612 2106 2634 armorum
2128 2601 2323 2635 scientia
2346 2603 2507 2636 milites

1402 2643 1657 2684 conficeret,
1693 2654 1765 2677 ora
1794 2644 2029 2688 oculosque
2061 2656 2204 2679 eorum
2263 2646 2389 2679 ladiis
2420 2648 2506 2689 peti

1401 2687 1537 2720 iussit.
1583 2697 1645 2731 pro
1670 2687 1812 2721 scientia.
1834 2687 2013 2732 legendum
2043 2698 2120 2723 esse
2150 2698 2170 2722 e
2193 2689 2239 2723 Sc
2266 2689 2398 2724 webelii
2426 2700 2503 2723 con-

1401 2732 1531 2763 iectura
1567 2742 1658 2769 „ma
1698 2731 1967 2765 nificentia.“
1996 2743 2065 2765 non
2089 2732 2202 2766 solum
2231 2735 2419 2777 λαμπρότης
2448 2735 2507 2767 τοῦ

1400 2772 1566 2819 ὁπλισμοῦ
1585 2783 1638 2818 ap.
1694 2773 1752 2808 lut.
1778 2773 1891 2816 docet,
1914 2774 1976 2809 sed
2000 2774 2101 2811 etiam
2123 2774 2171 2818 id,
2201 2774 2294 2820 quod
2315 2774 2359 2809 ab
2382 2774 2504 2811 eodem

1400 2824 1700 2849 commemoratum
1735 2819 1969 2852 Schwebelius
2006 2820 2249 2859 praetervidit,
2287 2820 2379 2858 quod
2414 2824 2502 2852 omui

1397 2857 1542 2893 scientia
1564 2858 1644 2895 belli
1667 2859 1829 2897 carebant
1850 2859 2044 2904 bidelicati
2066 2860 2209 2908 equites.
2247 2854 2304 2896 De
2327 2870 2393 2907 quo
2416 2860 2502 2899 intra

1399 2905 1542 2936 dicetur.
