2720 3402
101 95 208 154 &A

1091 232 1490 297 ‹nap.JIL

789 329 1125 397 Equites
1199 344 1385 397 equo
1456 326 1788 394 publicm

114 448 154 494 l.
192 428 307 493 Hic
338 441 428 490 fuit
459 442 567 490 finis
601 442 835 503 equestris
870 443 1074 502 ordinis,
1105 443 1198 506 qui,
1232 450 1359 490 ortus
1392 441 1627 489 consortio
1660 440 1854 488 militiae
1888 440 2144 504 equestris,
2176 446 2274 488 tum
2307 447 2356 488 et
2387 456 2470 489 ne·-

111 519 342 582 gotiorum
370 514 610 572 societate,
645 520 709 572 et,
736 522 983 578 postquam
1011 518 1177 564 tertius
1203 517 1326 562 inter
1349 515 1638 573 nobilitatem
1663 515 1943 576 plebemque
1970 514 2165 570 exstitit,
2195 513 2472 560 iudiciorum

112 587 343 640 communi
384 602 578 635 munere
621 591 761 648 atque
804 587 1008 650 partium
1041 588 1194 637 studio
1225 588 1348 635 inter
1380 603 1486 634 sese
1521 593 1646 634 arcte
1677 586 1976 646 coniunctus,
2017 586 2219 649 primum
2252 586 2472 631 desuetu-

113 664 221 709 dine
271 673 504 706 armorum
546 658 676 705 iners
721 659 899 717 factus,
948 675 1057 707 mox
1099 665 1311 706 exemtus
1352 658 1605 706 factionum
1648 657 1870 717 dissidio,
1918 675 2006 722 per
2047 659 2192 706 breve
2235 657 2475 705 etiamtum

113 743 299 796 tempus
331 738 383 777 et
415 731 584 793 opibus
620 738 669 777 et
702 732 861 793 specie
896 732 1088 794 quadam
1121 732 1333 792 antiquae
1366 732 1606 793 dignitatis
1638 733 1837 778 florebat
1846 733 1868 778 ε’
1906 738 2170 795 postremo,
2213 729 2475 793 privilegiis

113 814 162 855 et
194 802 458 867 insignibus
493 803 675 849 ordinis
709 819 815 867 cum-
846 802 1025 850 civibus
1058 803 1226 850 ceteris
1258 803 1529 865 libertisque
1561 803 1935 861 communicatis,
1965 803 2060 850 iam
2089 810 2199 850 ante
2231 800 2478 858 Hadriani,

114 886 166 926 ut
198 878 404 933 videtur,
438 882 665 933 aetatem,
702 876 955 921 dissolutus
990 875 1355 938 commixtusque
1392 891 1495 923 cum
1527 878 1666 940 plebe
1698 875 1920 924 diffluxit.
1985 875 2150 939 Longe
2184 874 2363 923 diutius
2391 874 2477 921 du-

114 953 238 999 ravit
280 964 453 1010 corpus
491 949 696 1009 equitum
731 965 850 1009 equo
884 948 1093 1009 publico,
1134 950 1283 1009 quod,
1327 950 1467 1011 certis
1499 950 1682 1012 legibus
1714 949 2136 1011 circumscriptum,
2170 946 2478 994 consortionis

116 1013 417 1086 indignorum
448 1020 732 1083 aliquamdiu
765 1036 937 1082 expers
972 1020 1073 1067 suit.
1139 1021 1259 1068 Nam
1293 1039 1395 1068 cum
1425 1023 1614 1084 ceteris,
1650 1039 1763 1083 quas
1795 1015 2170 1077 commemorati,
2203 1022 2341 1066 huius
2374 1036 2478 1065 cor-

119 1096 251 1161 poris
286 1093 550 1139 cerimoniis
582 1091 841 1155 recognitio
876 1092 960 1137 sub
993 1091 1354 1156 imperatoribus
1387 1109 1535 1156 usque
1577 1095 1637 1143 ad
1670 1093 2022 1143 Constantinum
2064 1093 2167 1141 fere
2208 1091 2479 1156 permansit,

122 1182 381 1229 quanquam
416 1167 552 1209 aliter
584 1172 721 1223 atque
755 1171 891 1208 antea
923 1164 1133 1208 instituta
1166 1172 1252 1209 est.
1267 1167 1298 1227 ¹)
1349 1166 1538 1230 Quippe
1570 1167 1661 1214 iam
1687 1167 1942 1231 Augustus,
1976 1180 2234 1229 quanquam
2259 1164 2322 1223 id,
2355 1163 2478 1228 quod

124 1242 444 1290 Maecenatem
471 1238 744 1283 suadentem
776 1236 886 1282 facit
910 1237 1016 1291 Dio,
1050 1240 1136 1283 sub
1165 1239 1253 1282 hoc
1287 1239 1506 1284 effectum
1538 1242 1743 1286 nondum
1777 1256 1883 1284 esse
1912 1240 2113 1294 videtur,
2147 1246 2199 1284 ut
2224 1241 2479 1283 subcensor

124 1313 308 1375 quidam
335 1309 391 1356 ab
419 1308 704 1370 imperatore
732 1313 982 1365 crearetur,
1017 1308 1095 1370 qui
1121 1326 1308 1371 genera,
1343 1310 1604 1369 facultates,
1636 1327 1883 1372 moresque
1910 1318 2175 1358 senatorum
2202 1318 2251 1357 et
2276 1311 2481 1371 equitum

124 1384 412 1433 examinaret
445 1388 582 1442 atque
616 1380 896 1442 inspiceret,
919 1380 956 1445 2)
999 1387 1154 1428 tamen
1188 1383 1370 1429 sublata
1404 1390 1635 1445 potestate
1669 1382 1881 1431 censoria
1912 1382 2252 1430 triumviratum
2294 1381 2482 1444 legendi

125 1466 329 1511 senatus,
365 1456 652 1513 alterumque
687 1453 1051 1514 recognoscendi
1084 1460 1260 1501 turmas
1294 1456 1499 1517 equitum
1533 1456 1894 1519 excogitaverat,
1910 1454 1948 1517 ³)
1983 1461 2032 1502 et
2056 1455 2141 1501 sub
2168 1455 2361 1502 Tiberio
2394 1454 2485 1501 fuit

125 1532 182 1576 L.
209 1527 450 1580 Volusius,
485 1526 695 1570 censoria
728 1533 960 1585 potestate
995 1528 1206 1587 legendis
1241 1529 1446 1588 equitum
1479 1528 1682 1574 decuriis
1715 1529 1915 1574 functus.
1931 1527 1970 1590 ⁴)
2034 1527 2098 1574 Et
2130 1527 2265 1574 sicuti
2297 1526 2341 1573 in
2374 1542 2483 1589 pro-

127 1601 306 1647 vincias
340 1596 470 1644 missi
502 1605 611 1643 sunt
644 1598 701 1643 ad
734 1615 901 1643 census
936 1600 1255 1659 accipiendos,
1289 1601 1367 1659 qui
1399 1601 1447 1645 in
1479 1600 1859 1662 inscriptionibus
1892 1606 1972 1644 aut
2010 1600 2362 1645 Censitores
2406 1606 2484 1644 aut

131 1691 157 1720 a
207 1670 503 1719 Gensibus
552 1668 928 1730 accipiendis
978 1669 1195 1727 audiunt,
1218 1670 1255 1731 ⁵)
1305 1670 1373 1716 sic
1413 1671 1462 1717 in
1509 1671 1812 1734 inscriptione
1854 1670 2077 1727 Antiana,
2126 1670 2167 1716 si
2208 1678 2336 1718 recte
2385 1687 2486 1717 eam

132 1748 222 1792 Ph.
257 1761 284 1790 a
317 1744 472 1787 Turre
518 1741 768 1803 explicuit,
815 1741 880 1785 M.
914 1741 1130 1799 Aquilius
1164 1748 1259 1798 est,
1306 1758 1334 1788 a
1376 1743 1668 1789 censibus
1711 1743 1971 1803 equitum
2013 1743 2486 1805 Romanorum20)

135 1819 221 1863 sub
256 1814 494 1861 Caracalla
535 1812 625 1859 fuit
668 1822 845 1869 Οὕλπιος
874 1821 1106 1871 Ἰουλιανός,
1140 1823 1165 1865 ’ὅ
1198 1823 1286 1864 τότε
1319 1822 1387 1870 τᾶς
1422 1825 1595 1876 τιμήσεις
1628 1825 1980 1878 ἐγκεχειρισμένος
2005 1815 2039 1876 ⁷)
2083 1817 2169 1861 sub
2202 1816 2486 1878 Hellgobalo

135 1890 327 1937 saltator
369 1885 553 1947 quidam
597 1885 757 1931 censui
801 1892 1064 1932 senatorum
1109 1886 1406 1947 equitumque
1439 1887 1750 1949 praepositus.
1775 1888 1812 1949 ⁸)
1876 1889 2117 1949 Interdum
2149 1905 2237 1949 per
2272 1890 2488 1934 consules

132 1958 389 2020 recognitio
425 1958 545 2002 sacta
576 1958 800 2002 traditurz
824 1957 861 2018 ⁰)
904 1959 990 2003 sub
1024 1958 1328 2004 Constantino
1361 1965 1628 2006 senatorum
1661 1974 1829 2006 census
1861 1975 2008 2022 penes
2041 1959 2329 2022 praefectum
2372 1960 2490 2016 urbi,

133 2034 338 2095 equitum
381 2045 529 2092 penes
572 2030 862 2092 praesectum
905 2030 1111 2092 Vigilum
1154 2031 1256 2077 fuit.
1286 2032 1340 2093 ¹⁰)
1415 2031 1569 2078 Etiam
1612 2031 1660 2078 in
1701 2033 1788 2078 hac
1828 2038 2003 2079 mutata
2045 2047 2269 2078 censurae
2310 2033 2490 2078 ratione

132 2107 282 2166 aliqua
315 2111 443 2148 certe
478 2102 654 2156 veteris
688 2102 954 2148 severitatis
988 2103 1171 2165 species
1203 2103 1369 2149 inerat.
1418 2104 1652 2150 Homines
1679 2105 1841 2167 probri
1872 2104 2016 2167 pleni,
2050 2103 2327 2166 corruptelis
2361 2105 2491 2151 adul-

141 2304 166 2342 ¹)
192 2300 410 2332 t'oniunctzun
443 2298 545 2329 tuisse
578 2308 651 2330 cum
688 2298 938 2329 transvectione
967 2297 1019 2329 liis
1055 2298 1273 2340 temporibus,
1361 2300 1389 2340 ²)
1412 2297 1481 2329 mo
1504 2298 1558 2337 52,
1581 2299 1633 2332 21.

182 2340 363 2374 observavi
390 2342 484 2382 1..ss
511 2351 542 2372 ιι.
573 2343 619 2374 lt).
667 2339 719 2373 De
743 2339 805 2372 huc
831 2351 862 2373 v.
891 2340 1014 2384 Ulpiani
1040 2340 1116 2383 mg.
1131 2344 1164 2380 ⁵2,
1187 2342 1206 2373 Δ
1232 2340 1275 2373 de
1361 2343 1390 2384 ³)
1415 2341 1508 2374 Suet.
1532 2341 1616 2384 Aug.
1639 2341 1693 2375 37.
1738 2338 1864 2372 Tamen
1888 2340 1986 2373 etiam
2011 2341 2137 2374 veteris
2161 2352 2323 2374 censurae
2346 2342 2408 2375 sub
2431 2343 2488 2375 im-

182 2388 214 2418 in
240 2387 290 2416 ius
314 2390 423 2415 vocat.
440 2390 468 2413 et
486 2384 527 2415 «le
541 2385 762 2415 Constantino
774 2385 942 2415 Zosinnnn
960 2387 992 2419 ⁵2,
1009 2385 1052 2414 29
1077 2385 1273 2425 (annnam)
1426 2385 1616 2416 oratoribus
1646 2389 1679 2414 et
1710 2393 1831 2414 nomen
1866 2388 1897 2414 et
1920 2384 2003 2415 ritus
2026 2384 2202 2425 aliquoties
2225 2385 2401 2417 invenitur.
2450 2385 2489 2417 V.

185 2429 255 2468 Τῆς
287 2427 324 2458 δὲ
349 2427 488 2468 πατρίου
510 2428 749 2468 καταλαβούσης
772 2427 896 2470 ἑορτῆς,
928 2428 1004 2459 καθ’
1027 2427 1066 2467 ἣν
1088 2429 1213 2472 ἀνάγκη
1241 2427 1277 2459 τὸ
1437 2425 1469 2459 h.
1500 2437 1522 2459 ιι
1551 2425 1658 2458 Turre
1688 2424 1785 2458 Mon.
1818 2424 1905 2458 vet:
1923 2427 2000 2459 Ant.
2044 2438 2063 2459 ι.
2095 2428 2148 2461 47.
2201 2427 2342 2461 Eckhet.
2373 2428 2416 2461 D.
2445 2427 2489 2462 N.

184 2470 409 2516 στρατόπεδον
431 2468 470 2509 ἦν
492 2472 574 2501 ι’έναι
597 2473 642 2504 εἰς
671 2470 705 2502 τό
718 2472 946 2508 Καπιτωλιον,
971 2471 1094 2502 ἄνοδον
1109 2472 1277 2508 ὀνειδίζων
1403 2469 1480 2501 vot.
1504 2469 1551 2500 vl
1575 2480 1608 2511 p.
1631 2468 1706 2500 242.
1730 2468 1804 2502 247.
1828 2470 1903 2503 313.
1926 2469 2001 2504 344.
2047 2470 2100 2505 53.
2123 2470 2197 2505 378.

185 2515 326 2554 ιὶναίδην
355 2513 411 2544 καὶ
443 2512 496 2551 τῆς
519 2513 608 2556 ἱερᾶς
650 2513 815 2557 ἁγιστείας
837 2516 1081 2554 καταπατήσας,
1112 2516 1159 2549 εἰς
1178 2516 1278 2557 μῖσος
1361 2514 1391 2556 ⁴)
1415 2512 1494 2547 Tac.
1517 2512 1604 2545 Ann-
1627 2513 1660 2553 3,
1682 2513 1734 2547 30.
2366 2528 2368 2531 ·

186 2571 243 2599 την
265 2558 445 2600 γερουσίαν
467 2557 522 2587 καὶ
546 2556 599 2588 τόν
623 2557 728 2599 δῆμον
750 2558 930 2595 ἀνέστησεν.
976 2557 1027 2588 Ad
1051 2558 1211 2596 eundem,
1243 2562 1277 2587 ut
1378 2558 1407 2599 ⁵)
1422 2557 1477 2588 De
1485 2556 1621 2588 Siciliae
1633 2556 1903 2588 censoribnsiam
1913 2556 2033 2590 Cicero
2046 2557 2191 2599 loquitur
2200 2556 2298 2590 Verr.
2308 2558 2386 2597 22,
2399 2557 2489 2592 1253.

184 2601 331 2638 videtur,
357 2598 642 2631 transvectionem
666 2599 810 2641 pertinet
832 2598 887 2630 lib.
904 2598 1037 2640 irrita
1051 2599 1277 2631 Cudssfheod.
1406 2599 1530 2632 Cetera
1552 2609 1586 2630 v.
1609 2609 1662 2642 ap.
1687 2598 1749 2631 Ph.
1773 2610 1794 2631 a
1815 2599 1919 2632 Turre
1942 2600 1964 2633 1.
1987 2600 2007 2633 Ι.
2032 2610 2063 2643 p.
2087 2600 2140 2633 4st

187 2644 230 2677 aul
256 2655 286 2686 q.
312 2653 344 2675 v.
370 2640 629 2675 Cothonea-un.
675 2642 951 2686 Recognitionem
983 2643 1126 2685 equitum
1157 2643 1279 2676 fecisse
1379 2644 1408 2686 ⁶)
1433 2654 1465 2675 v„
1490 2641 1632 2675 eundem
1655 2653 1683 2675 c.
1706 2644 1726 2678 3
1750 2644 1833 2686 inpr.
1856 2654 1889 2686 p.
1912 2646 1955 2678 44
1977 2655 2050 2686 sqq.

189 2688 366 2719 traduntur
391 2685 556 2728 Caligula,
581 2686 689 2726 (Suet.
705 2686 776 2717 cal.
803 2686 853 2718 1¹6.
889 2685 956 2717 Dio
968 2687 1021 2725 59,
1045 2688 1081 2727 9)
1107 2687 1280 2724 Claudius,
1382 2697 1410 2738 ι)
1435 2695 1504 2727 1)ῑο
1528 2696 1581 2735 73⁹
1603 2695 1636 2728 4,

191 2734 299 2816 εἶπε
318 2727 713 2815 >aaz
729 2728 1282 2814 numm,
1382 2752 1412 2826 ρ
1437 2749 1564 2782 nema—
1643 2751 1686 2812 ⁷2.
1785 2751 1897 2793 svm
2055 2751 2125 2785 10⁵-

193 2818 386 2850 ‹tamn-anu.
412 2817 507 2857 (mo
532 2818 591 2856 78,
614 2817 660 2858 4)
682 2815 942 2858 Heliogabalus,
966 2816 1162 2858 (Herodian
1185 2818 1217 2856 5,
1242 2817 1284 2857 7)
1401 2805 1416 2846 )
1439 2802 1554 2836 Schol·
1579 2803 1687 2836 versu
1710 2805 1743 2844 3,
1765 2804 1797 2838 9·

192 2860 383 2893 Alexander
406 2862 573 2893 Severus.
598 2859 751 2901 (Lampr.
778 2858 829 2890 At.
853 2858 933 2890 Sev.
960 2859 1025 2901 15).
1375 2857 1418 2895 ¹⁰)
1443 2855 1526 2888 cod.
1550 2855 1677 2889 Theod.
1704 2859 1755 2897 15,
1781 2857 1831 2896 14,
1854 2859 1885 2892 3.
