2720 3402
2445 140 2525 190 12

170 285 265 350 ipsi
298 291 539 334 senatores
571 285 621 333 in
652 285 817 332 XVIII
849 285 1070 333 centuriis
1103 291 1277 343 essent,
1311 285 1491 347 equites
1523 285 1722 333 Romani
1764 299 1884 347 equo
1925 283 2115 348 publico
2158 297 2186 330 a
2226 299 2392 349 magno
2435 302 2523 335 nu-

171 375 302 405 mero
343 361 550 422 equitum
593 359 875 419 reliquorum
918 360 1163 405 differrent
1203 358 1458 404 nobilitatis
1491 366 1540 406 et
1571 359 1735 406 studio
1758 365 1809 404 et
1840 357 2116 420 insignibus.
2181 358 2319 404 Anno
2351 360 2447 406 306
2480 377 2522 407 a.

175 433 286 478 chr.
317 450 381 490 n.‚
418 449 558 493 quum
592 433 645 477 C.
677 433 869 478 Flavius
903 433 1069 489 scriba,
1101 438 1237 493 patre
1270 431 1504 487 libertino,
1534 429 1705 477 ¹aedilis
1737 432 1911 477 curulis
1944 433 2094 477 factus
2129 440 2272 488 esset,
2306 435 2525 480 traditum

171 511 244 553 est
285 504 350 552 in'
366 504 634 561 annalibus,
677 510 893 561 „tantum
924 506 1042 551 haec
1084 503 1272 550 comitia
1313 502 1646 563 indignationis
1678 505 1922 560 habuisse,
1967 511 2019 550 ut
2049 504 2265 566 plerique
2297 506 2524 553 nobilium

169 578 333 626 anulos
373 584 543 624 aureos
585 583 634 624 et
673 578 900 639 phaleras,
934 578 1229 638 deponerent
1239 579 1283 622 “.
1357 575 1496 621 Haec
1536 574 1642 637 ipsa
1673 576 1906 622 annalium
1951 578 2118 633 verba,
2159 593 2279 638 quae
2312 580 2525 626 servavit

168 649 337 699 Livius
369 649 425 707 9,
457 648 545 707 46,
582 649 654 696 12.
688 649 878 712 egregie
913 655 961 695 et
993 648 1239 695 confirmat
1268 653 1318 695 et
1347 647 1686 710 interpretatur
1717 646 1902 693 Plinius
1933 647 2001 693 H.
2032 648 2092 694 N.
2124 648 2208 706 33,
2241 649 2288 696 6.
2354 651 2523 714 „Quo

170 724 331 769 facto
383 728 548 768 tanta
597 730 844 769 senatus
894 721 1318 783 indignatione
1361 720 1617 777 exarsit,
1669 727 1732 766 ut
1773 721 1984 766 anulos
2027 722 2093 765 ab
2133 737 2200 767 eo
2250 724 2522 771 abiectos

171 794 367 841 fuisse
399 794 458 841 in
490 795 938 856 antiquissimis
970 794 1320 855 reperiatur
1352 794 1685 840 annalibus.
1751 793 1942 839 Fallit
1973 793 2319 854 plerosque,
2368 799 2521 857 quod

169 871 287 912 tum
334 871 393 913 et
434 873 771 928 equestrem
821 865 1086 913 ordinem
1128 865 1187 912 id
1219 864 1446 918 fecisse
1490 864 1884 912 arbitrantur.
1946 864 2183 912 Etenim
2225 867 2520 916 adiectum

170 937 278 985 hoc
310 953 558 1001 quoque,
602 940 705 986 sed
738 945 796 985 et
827 939 1078 1002 phalera
1109 937 1332 1000 posita,
1376 943 1823 1001 proptereaque
1867 952 2076 983 nomen
2118 938 2377 999 equitum
2418 943 2520 989 ad-

169 1010 385 1057 iectum
427 1018 533 1057 est.
597 1013 822 1057 Anulos
859 1026 1090 1072 quoque
1125 1011 1444 1072 depo-sitos
1478 1028 1506 1056 a
1534 1011 1867 1056 'nobilitate
1900 1010 1958 1055 in
1992 1011 2238 1056 annales
2270 1015 2521 1061 relatum

170 1089 285 1140 est,
336 1100 448 1130 non
491 1101 519 1130 a
559 1091 773 1130 senatu
813 1084 1156 1129 universo“.
1228 1085 1393 1144 Itaque
1436 1084 1627 1140 anulus,
1676 1090 1730 1129 ut
1772 1090 1908 1128 antea
1947 1083 2276 1145 patriciorum,
2326 1086 2394 1132 sic
2434 1089 2523 1134 hoc

170 1171 287 1203 aevo
319 1157 410 1205 fuit
441 1157 681 1212 nobilium,
714 1172 808 1202 non
842 1156 1046 1201 omnium
1078 1162 1359 1201 senatorum.
1424 1157 1590 1218 Pergit
1621 1155 1746 1202 enim
1777 1155 1989 1201 Plinius:
2030 1155 2104 1201 Et
2135 1157 2244 1202 hoc
2276 1159 2523 1220 primum

169 1230 476 1276 anulorum
518 1228 846 1289 vestigium
888 1234 1112 1274 exstat:
1163 1228 1492 1289 promiscui
1541 1236 1732 1274 autem
1781 1244 1920 1274 usus
1962 1229 2215 1275 alterum
2258 1234 2522 1280 secundo

169 1300 397 1347 Punico
439 1302 629 1347 bellot
680 1315 867 1361 neque
911 1301 1062 1347 enim
1104 1302 1290 1348 aliter
1331 1301 1680 1364 potuissent
1720 1300 2004 1346 trimodia
2049 1301 2160 1347 illa
2208 1305 2522 1353 anulorum

170 1374 590 1434 Carthaginem
632 1376 698 1419 ab
738 1373 1082 1419 Hannibale
1124 1375 1299 1419 mitti.
1364 1376 1440 1419 Ad
1472 1389 1588 1433 quos
1620 1374 1904 1434 pertinuerit
1944 1389 2056 1419 usus
2098 1375 2178 1420 ille
2211 1379 2520 1436 promiscuus,

170 1462 197 1492 e
229 1446 387 1493 Plinio
429 1462 524 1493 non
566 1451 775 1508 apparet.
839 1446 909 1491 Ac
940 1445 1110 1492 Livius
1153 1446 1340 1507 quidem
1373 1446 1460 1503 23,
1512 1445 1609 1502 12,
1658 1452 1905 1507 postquam
1945 1446 2151 1492 narravit
2182 1447 2431 1509 Magonem
2470 1453 2522 1499 in

170 1519 405 1570 vestibulo
445 1519 602 1566 curiae
635 1518 1035 1581 Carthaginiensis
1078 1519 1303 1566 effudisse
1347 1535 1514 1565 aureos
1561 1518 1669 1565 illos
1711 1519 1875 1564 anulos
1924 1518 2208 1574 „Adiecit
2249 1520 2521 1581 deinde“,

169 1591 332 1652 inquit,
366 1591 635 1648 „verbis,
669 1606 779 1651 quo
811 1590 1059 1637 maioris
1092 1592 1287 1638 cladis
1321 1591 1610 1639 indicium
1643 1597 1831 1646 esset,
1876 1589 2165 1636 neminem
2197 1591 2319 1638 nisi
2352 1597 2523 1655 equi—

169 1670 283 1711 tem
316 1669 491 1725 atque
525 1678 726 1710 eorum
758 1662 1022 1725 ipsorum
1054 1663 1353 1726 primores
1385 1663 1445 1710 id
1477 1679 1692 1725 gerere
1733 1661 2028 1725 insigne.“
2094 1662 2334 1711 Primores
2367 1675 2524 1716 autem

168 1738 276 1784 illos
310 1737 420 1783 sine
462 1736 604 1783 dubio
645 1736 868 1797 intelligit
911 1736 1092 1796 equit‘es
1135 1753 1255 1797 equo
1297 1737 1509 1799 publico,
1553 1743 1656 1792 aut,
1705 1737 1830 1796 quod
1872 1736 1996 1782 idem
2039 1735 2141 1782 fere
2185 1744 2282 1794 est,
2324 1741 2522 1788 nobiles.

168 1810 311 1866 Nam,
359 1823 617 1870 quanquam
660 1808 766 1855 fieri
809 1808 984 1870 potuit,
1031 1815 1106 1867 ut,
1155 1811 1279 1871 quod
1320 1815 1487 1872 postea
1527 1809 1701 1856 factum
1746 1815 1842 1866 est,
1892 1808 2032 1854 etiam
2074 1824 2261 1867 eorum,
2310 1812 2389 1873 qui
2428 1830 2524 1861 non

169 1888 302 1929 erant
340 1881 391 1927 in
431 1882 654 1927 centuriis
695 1882 1024 1943 publicumque
1068 1898 1237 1943 equum
1277 1884 1534 1940 habebant,
1579 1882 1765 1943 quidam
1806 1881 1933 1928 anuli
1975 1881 2049 1928 ius
2092 1882 2182 1928 sibi
2223 1887 2522 1946 sumpserint,

168 1959 323 2000 tamen
355 1969 438 2000 eos
470 1958 568 2000 tum
602 1953 787 2014 quidem
820 1954 987 2000 aetatis
1021 1955 1328 2018 paucissimos
1361 1954 1510 2001 fuisse
1543 1971 1738 2002 necesse
1772 1961 1869 2012 est,
1914 1970 2055 2016 quum
2096 1970 2157 2001 ne
2200 1956 2384 2004 socialis
2417 1959 2521 2019 qui--

169 2024 275 2072 dem
307 2025 420 2070 belli
451 2031 663 2086 tempore
705 2026 779 2069 ius
822 2025 940 2070 illud
983 2041 1144 2071 omnes
1186 2028 1368 2087 equites
1402 2042 1428 2071 e
1481 2033 1561 2070 ent
1593 2026 1810 2071 assecuti.
1834 2026 1895 2087 ⁸⁵)
1959 2027 2123 2085 Neque
2157 2043 2218 2071 ex
2249 2028 2427 2074 incerta
2459 2031 2519 2076 de

169 2097 317 2145 tribus
358 2097 527 2145 modiis
560 2097 802 2144 anulorum
834 2096 1098 2160 narratione
1131 2098 1189 2145 de
1222 2114 1416 2146 numero
1455 2098 1662 2160 equitum
1696 2098 1944 2159 quidquam
1977 2097 2314 2145 coniiciendum
2347 2109 2433 2148 est.
2457 2103 2518 2165 815)

171 2483 221 2524 ⁸³)
244 2481 345 2514 Plinii
372 2481 414 2514 Π.
446 2479 491 2514 N.
521 2482 583 2521 33,
614 2483 645 2515 6.
689 2480 745 2514 Ne
773 2486 842 2513 tum
872 2481 1006 2523 quidem
1037 2482 1138 2524 (belli
1168 2482 1303 2515 socialis

217 2525 393 2567 tempore)
425 2533 540 2557 omnes
563 2528 738 2557 senatores
760 2523 966 2557 habuerunt:
1001 2529 1116 2568 utpote
1139 2536 1213 2559 cum
1236 2536 1302 2559 me·

217 2568 325 2600 moria
357 2579 497 2600 avorum
530 2567 631 2610 multi·
655 2573 813 2609 praetura
844 2579 912 2610 quo
936 2579 979 2601 ue
1011 2568 1116 2604 suncti
1148 2570 1181 2601 in
1213 2570 1302 2602 ferro
1336 2582 1338 2584 ’

217 2611 469 2651 consenuerint,
501 2609 587 2642 sicut
617 2609 831 2653 Calpurnium
854 2616 888 2643 et
952 2610 1105 2653 anilium,
1137 2612 1224 2655 quil
1268 2623 1303 2644 a·

216 2660 270 2688 tn·
293 2653 331 2688 C.
352 2653 459 2688 Marii
481 2652 589 2687 fuerat
608 2653 652 2687 Ju
677 2652 809 2686 urthino
833 2653 940 2695 bello,
972 2654 1161 2698 Fenestella
1182 2661 1233 2692 tra
1260 2656 1301 2688 it:

218 2703 252 2732 et
281 2697 374 2731 multi
395 2694 436 2732 Β.
459 2696 627 2737 Fufidium
655 2697 766 2738 llum,
798 2697 843 2730 ad
875 2708 980 2743 quem¹
997 2701 1145 2734 Scaurus
1167 2699 1212 2733 de
1232 2700 1303 2733 vita

217 2752 280 2775 sua
308 2742 450 2784 scripsit.
496 2740 588 2774 ldem
618 2751 647 2772 c.
672 2742 702 2774 7.
747 2740 819 2773 Sed
842 2741 931 2773 anuli
961 2742 1064 2784 plane
1086 2742 1229 2775 medium
1251 2753 1302 2774 or-

219 2784 331 2818 dinem
358 2784 556 2827 tertiumque
585 2783 674 2828 plebi
706 2789 741 2816 et
770 2782 921 2827 patribus
942 2784 1121 2819 inseruere.
1143 2804 1187 2811 —
1229 2784 1305 2818 Nec

218 2828 349 2872 pridem
377 2828 412 2861 id
441 2827 585 2860 sactum:
629 2827 724 2861 Divo
746 2828 897 2872 Augusto
921 2827 1084 2869 *decurias
1114 2830 1304 2868 ordinante,

219 2873 327 2906 maior
359 2882 439 2917 pars
476 2870 619 2904 iudicum
652 2871 687 2904 in
721 2870 831 2904 ferreo
864 2870 965 2905 anulo
996 2872 1078 2914 fuit,
1116 2874 1207 2917 iique
1238 2883 1305 2905 non

220 2917 367 2958 equites,
390 2915 452 2949 sed
473 2914 600 2949 iudices
623 2914 889 2959 appellabantur.

1386 2481 1694 2570 ’ἣιξῖᾞξῗιεῖῑῖῗ
1701 2481 1856 2558 (1133ῑῖ3ἷῖ
1870 2482 2183 2567 Ῑιῐὲνῖεςῗβίοῗῗιῖωιέ
2200 2484 2520 2569 Kssiuffliffhfnssff

1428 2580 1526 2611 quem
1558 2569 1667 2601 exseri
1693 2570 1737 2602 sit
1765 2570 1964 2602 Jornandes
1992 2569 2037 2602 de
2059 2580 2153 2611 regn.
2175 2583 2266 2603 succ.
2287 2573 2409 2614 39„p.
2435 2575 2521 2606 1067

1428 2613 1523 2645 Grut.
1553 2611 1628 2644 Val.
1696 2623 1750 2645 ax.
1783 2618 1817 2645 et
1847 2612 2018 2645 Lucianus
2048 2612 2140 2646 diali.
2174 2621 2270 2646 mort.
2303 2615 2361 2655 12,
2390 2615 2421 2648 2.
2451 2626 2521 2649 non

1428 2655 1612 2699 equitibus,
1644 2656 1707 2689 sed
1740 2656 1870 2689 civibus
1902 2656 2065 2691 Romanis
2093 2657 2211 2690 anulos
2242 2657 2415 2692 detractos
2445 2670 2522 2693 nar-

1426 2704 1515 2751 rant.
1557 2699 1694 2752 „Fauna
1715 2701 1841 2753 tenuit,
1863 2710 1951 2743 quae
1973 2701 2114 2776 pnodpior
2134 2710 2219 2752 vero
2241 2706 2309 2741 est,
2331 2701 2424 2736 haud
2446 2703 2523 2755 plus-3

1429 2742 1533 2775 fuisse
1558 2743 1708 2775 mod10.“
1752 2743 1827 2776 an.
1849 2743 1870 2775 l.
1893 2743 1916 2775 l.
1939 2743 2022 2777 Ceci
2046 2749 2143 2776 erunt
2162 2754 2198 2776 ln
2219 2755 2331 2788 pugna
2351 2745 2524 2779 Cannensi

1429 2796 1541 2829 paene
1570 2796 1631 2819 sex
1661 2785 1765 2819 millia
1795 2787 1942 2830 equitum
1973 2787 2099 2830 (Dion.
2122 2787 2198 2820 Hal.
2219 2789 2259 2827 ⁶2,
2291 2789 2344 2822 17.
2368 2800 2402 2832 p.
2423 2791 2523 2833 271.)

1432 2840 1473 2861 ex
1504 2830 1624 2873 quibus
1647 2831 1676 2862 si
1707 2831 1807 2863 tertia
1836 2836 1965 2863 tantum
1994 2841 2074 2874 pars
2100 2830 2235 2865 anulum
2257 2829 2426 2875 babebat,
2456 2834 2523 2867 iam

1431 2883 1572 2917 magnus
1594 2874 1623 2906 is
1645 2884 1802 2908 uumerus
1825 2874 1919 2908 credi
1940 2875 2058 2918 potuit.

1941 2975 1968 3015 3
