2720 3402
154 223 233 265 aut
269 215 554 264 tribunorum
598 216 1029 279 praefectorumque
1062 231 1255 264 munere
1288 216 1618 281 fungerentur,
1663 216 1731 263 sic
1764 220 1975 262 extremo
2010 214 2185 262 liberae
2219 218 2506 280 reipublicae

152 296 363 349 tempore
397 288 576 344 accidit,
612 295 675 344 ut,
710 288 967 349 quicunque
1001 288 1181 349 equites
1211 289 1408 336 Romani
1441 288 1674 352 stipendia
1708 289 1929 343 facerent,
1963 287 1998 333 ii
2031 288 2199 334 altiore
2232 291 2387 338 statim
2419 293 2506 338 mi-

153 361 281 407 litiae
323 362 470 423 gradu
502 361 630 421 digni
662 362 957 406 haberentur.
1023 360 1091 405 Ut
1123 361 1364 422 Scaptius,
1407 378 1549 422 eques
1582 362 1639 405 R.
1672 360 2025 421 negotiatorque
2067 361 2116 407 in
2148 363 2391 424 provincia
2424 366 2505 411 Ci-

152 433 281 490 licia,
324 436 381 479 ab
415 433 942 494 Appio-praefecturam
977 432 1264 489 obtinuerat3
1308 434 1410 478 aliis
1442 450 1470 478 a
1502 434 1652 478 Bruto
1686 432 1774 477 sibi
1817 433 2149 478 commendatis
2182 436 2505 495 praefecturas

152 506 317 553 Cicero
350 505 503 562 dedit,
548 505 678 566 isque
711 505 813 568 ipse
847 504 1121 552 Trebatium
1155 504 1321 551 eodem
1354 504 1549 551 consilio
1582 503 1772 550 Caesari
1804 505 2164 563 commendavit,
2192 505 2250 568 ²⁰)
2293 508 2382 554 sub
2414 524 2505 572 quo

149 580 284 624 multi
324 580 373 624 in
406 578 563 624 Gallia
605 579 784 638 equites
816 578 1014 624 Romani
1045 578 1301 622 merebant.
1329 578 1387 639 ⁷¹)
1451 578 1559 622 Hae
1594 584 1705 621 sunt
1746 576 1854 621 illae
1896 577 2088 623 militiae
2121 587 2366 639 equestres
2400 583 2504 628 sive

151 651 423 712 splendidae
456 651 647 696 militiae
681 651 936 711 stipendia,
956 650 1014 711 ⁷²)
1053 665 1171 709 quae
1205 648 1582 709 frequentissime
1616 656 2054 704 commemorantur,
2094 667 2303 711 quaeque
2334 651 2504 715 postea

151 737 258 769 eum
284 722 494 768 ordinem
519 724 793 779 habuerunt,
826 729 877 767 ut
902 728 1011 783 post
1042 722 1279 767 cohortem
1309 722 1395 776 ala,
1430 726 1538 781 post
1564 720 1683 765 alam
1707 719 1967 782 tribunatus
2000 721 2196 780 legionis
2226 723 2501 786 daretur.·²⁸)

150 794 225 842 Ad
256 793 457 856 Augusti
499 810 681 856 quoque
724 801 907 857 tempus
947 793 1198 841 referenda
1238 792 1425 841 videtur
1466 790 1702 839 distinctio
1735 790 1861 837 inter
1901 790 2183 839 tribunatum
2223 798 2501 858 angusticla-

152 866 293 923 vium,
327 867 596 927 dignitatem
624 866 968 928 equestrem,⁷⁴)
1001 872 1050 913 et
1075 865 1371 923 laticlaviam,
1403 864 1677 932 dignitatem
1706 862 2071 925 senatoriam,⁷⁵)
2105 866 2163 911 ad
2193 882 2329 925 quam
2361 861 2501 930 quum

149 953 209 986 ne
252 938 482 1001 equitibus
525 936 728 1000 quidem'
752 938 828 987 via
859 938 1103 1003 praeclusa
1135 943 1285 995 esset,
1327 937 1375 985 id
1409 942 1536 984 certe
1567 935 1657 982 hoc
1689 934 1838 998 gradu
1879 935 2110 984 honorum
2153 938 2369 988 effectum
2411 943 2499 1001 est,

149 1016 201 1056 ut
242 1017 290 1056 et
330 1011 558 1073 equestris
591 1011 790 1074 dignitas
823 1011 987 1056 militia
1018 1015 1344 1073 appeteretur,
1364 1009 1421 1071 ⁷⁶)
1465 1016 1514 1054 et
1544 1008 1727 1069 equites
1760 1008 1983 1064 Romani,
2028 1010 2070 1055 si
2102 1010 2256 1056 minus
2288 1012 2500 1060 bellicam

150 1086 358 1139 laudem,
403 1092 451 1127 at
483 1085 756 1143 amplissimi
789 1085 965 1127 ordinis
997 1085 1219 1126 honorem
1253 1083 1419 1126 militia
1447 1083 1636 1140 assequi
1666 1081 2065 1142 concupiscerent.
2092 1084 2150 1142 ⁷⁷)

1471 1287 1632 1318 Venimus
1654 1286 1698 1317 ad
1721 1287 1842 1326 sedes,
1872 1288 1927 1319 ubi
1950 1289 2042 1329 pulla
2063 1290 2202 1321 sordida
2223 1296 2322 1323 veste

1474 1328 1565 1363 Inter
1587 1328 1746 1363 femineas
1768 1330 1943 1373 spectabat
1966 1331 2063 1366 turba
2084 1332 2275 1366 cathedras.

1473 1372 1564 1404 Nam
1587 1382 1804 1414 quaecunque
1827 1379 1943 1415 patent
1965 1375 2027 1406 snb
2048 1381 2166 1417 ape-to
2188 1377 2293 1408 libera
2315 1377 2427 1418 coele,

1474 1415 1541 1448 Aut
1564 1426 1668 1459 eques
1690 1421 1748 1449 aut
1770 1416 1861 1449 nivei
1883 1415 1958 1450 Ιυαι
1979 1416 2168 1452 densavere
2190 1420 2321 1452 tribuni.

1408 1458 1502 1491 Vera
1535 1470 1610 1491 cum
1649 1459 1741 1492 salsis
1780 1460 1925 1492 miscens
1956 1460 2072 1493 Schol.
2104 1462 2186 1494 Hor.
2217 1462 2329 1505 Epod.
2360 1467 2401 1503 4,
2441 1467 2493 1498 15.

1411 1501 1529 1537 Otho
1559 1501 1639 1535 XIV
1670 1502 1830 1546 gradus
1862 1504 1902 1536 in
1931 1503 2116 1538 theatro
2144 1506 2284 1548 equiti
2308 1517 2495 1550 separa-

1407 1552 1556 1584 verat,
1591 1556 1642 1576 ex
1666 1547 1822 1586 quibus
1853 1548 1976 1588 primi
2006 1549 2270 1580 tribuniciis
2293 1555 2497 1589 potesta·

1403 1588 1521 1623 tibus
1539 1593 1766 1623 vacarent.
1801 1587 1856 1624 Ne
1881 1599 1922 1624 ue
1940 1589 2033 1624 euim
2046 1588 2141 1626 otho
2164 1591 2304 1626 tribunis
2324 1591 2437 1626 iocum
2454 1592 2494 1627 in

1406 1633 1486 1665 XIV
1497 1633 1653 1671 dederat,
1674 1632 1747 1671 sed,
1770 1634 1802 1664 ni
1822 1633 1865 1664 ta!
1880 1643 1931 1671 or,
1956 1633 2058 1666 lulius
2070 1634 2248 1667 Caesarie
2271 1646 2291 1666 e
2303 1635 2383 1667 Iulia
2401 1636 2496 1668 thea-

1404 1675 1494 1710 trali.
1530 1674 1687 1709 Ceterum
1710 1674 1748 1709 cl'
1772 1674 1866 1719 Lips.
1889 1675 1931 1710 de
1953 1675 2112 1721 amphith.
2127 1689 2155 1711 c„
2173 1679 2221 1713 u.
2290 1689 2330 1712 uc
2353 1680 2498 1723 pertinet

1407 1721 1509 1751 etiam
1533 1712 1698 1760 luvenalis
1728 1730 1874 1751 aurum
1904 1728 2120 1752 semestre
2151 1723 2210 1762 (7,
2241 1724 2304 1763 89)
2335 1724 2356 1753 i.
2381 1734 2411 1754 e.
2443 1725 2497 1756 ius

1406 1761 1495 1795 anuli
1518 1762 1631 1802 aurei,
1662 1762 1814 1794 semestri
1844 1761 2012 1795 tribunatu
2043 1763 2153 1805 (Plin.
2177 1764 2218 1797 H.
2243 1762 2288 1797 N.
2312 1764 2353 1804 3,
2384 1766 2423 1807 4,
2451 1765 2495 1809 2)

1405 1811 1549 1847 partum.
1595 1805 1703 1837 Etiam
1729 1806 1883 1846 primipifl
1905 1807 1949 1838 ad
1981 1813 2171 1848 equestrem
2201 1808 2397 1849 dignitatem
2420 1820 2495 1851 pro·

1405 1848 1487 1880 moti
1511 1851 1596 1879 sunt.
1643 1845 1794 1879 Maniai.
1819 1849 1851 1888 6,
1874 1849 1928 1888 58,
1950 1849 1983 1881 9.

1501 1891 1568 1923 Sos
1592 1891 1638 1922 ite
1661 1900 1714 1922 me
1734 1901 1858 1932 sospes
1881 1891 1998 1924 Latias
2018 1892 2195 1925 reveheris
2218 1893 2262 1925 ad
2285 1893 2396 1932 urbes,

1586 1937 1599 1964 t
1623 1932 1751 1965 reseres
1775 1933 1832 1975 pili
1854 1934 2004 1976 praemia
2027 1934 2138 1968 clarus
2161 1945 2274 1977 eques.

1401 1973 1507 2007 ovid.
1531 1976 1603 2007 Am.
1629 1976 1661 2014 3,
1683 1977 1716 2014 8,
1743 1978 1793 2009 15.

1421 2018 1538 2050 Laeva
1559 2017 1702 2093 Mazus,
1734 2019 1786 2051 cui
1810 2029 1896 2055 nunc
1917 2029 2029 2053 serum
2053 2019 2139 2052 male
2162 2021 2319 2054 convenit
2341 2032 2471 2064 aurum,

1463 2062 1567 2093 Scuta
1590 2067 1624 2093 tu
1640 2062 1674 2093 ἐ.

153 1291 196 1332 ²⁰)
223 1290 292 1321 Cic.
306 1289 351 1321 ad
363 1290 432 1321 Att.
446 1291 479 1328 5,
496 1289 552 1327 21,
574 1288 628 1321 61.
663 1288 707 1319 ad
730 1287 808 1319 fam.
826 1288 858 1327 7,
874 1287 921 1327 5.,
944 1295 1031 1327 qnos
1052 1286 1148 1317 locos
1167 1285 1285 1317 ‘laudat
1317 1310 1319 1313 .

191 1332 273 1367 Ern.
296 1332 341 1366 ad
363 1333 457 1367 Suet.
483 1330 602 1366 Claud.
625 1331 680 1366 25.

152 1387 196 1429 ²¹)
220 1385 359 1426 Caesar,
381 1395 481 1427 quum
502 1377 695 1428 praefectos
711 1383 931 1426 tribunosque
945 1382 1085 1414 militum
1100 1382 1284 1414 maritimae

192 1430 349 1463 civitates
372 1429 404 1461 in
428 1428 582 1461 custodia
604 1427 811 1468 habuissent,
835 1426 896 1470 (Β.
912 1426 954 1460 G.
977 1427 1010 1467 3,
1033 1426 1052 1458 7
1093 1425 1182 1459 inter
1204 1425 1284 1459 belli

192 1483 330 1506 caussas
354 1477 509 1505 recenset
531 1482 562 1504 c.
584 1472 622 1505 10
644 1471 782 1504 iniurias
805 1475 1013 1503 retentorum
1068 1470 1194 1513 quitum
1216 1469 1284 1502 Ro-

191 1527 376 1550 manorum.
423 1515 514 1548 ldem
546 1514 589 1548 de
620 1515 679 1556 iis,
711 1514 767 1558 qui
788 1514 831 1548 ab
860 1513 1002 1547 Afranio
1031 1512 1076 1546 ad
1106 1523 1144 1546 se
1175 1518 1283 1546 trans-

189 1560 306 1591 iissent
329 1559 373 1591 Β.
399 1558 436 1590 C.
464 1558 494 1597 1,
518 1558 570 1590 77.
617 1557 857 1596 Centuriones,
885 1556 1010 1597 inquit,
1044 1556 1078 1587 in
1100 1556 1283 1597 ampliores

191 1601 338 1642 ordines,
352 1599 493 1644 Equites
505 1600 678 1635 Romanos
693 1600 727 1634 in
743 1599 945 1634 tribunitium
958 1598 1091 1633 restitui
1106 1596 1280 1632 honorem.

150 1657 162 1676 ’ἰ
408 1656 417 1664 ·
689 1654 700 1671 7

167 1655 356 1739 >sm
380 1651 1280 1694 Μ

189 1742 390 1784 splendidae
413 1742 550 1773 militiae
573 1742 740 1783 stipendia
762 1744 973 1782 pervenerat.
1022 1739 1076 1770 De
1098 1739 1165 1771 mil.
1180 1748 1232 1779 eq.
1247 1748 1281 1770 v.

188 1784 278 1819 Plin.
296 1796 350 1828 ep.
363 1784 418 1825 25,
433 1785 466 1820 8.
502 1783 589 1817 Vell-
604 1783 637 1824 2,
657 1783 730 1824 111,
746 1785 778 1818 3.
814 1782 949 1816 Reines.
968 1782 1070 1815 inscr-
1111 1805 1119 1812 .
1132 1780 1209 1821 440,
1225 1780 1280 1815 90.

188 1828 292 1858 Donii
305 1828 403 1857 inscr.
418 1838 450 1868 p.
464 1827 539 1865 253,
551 1837 582 1857 n.
601 1827 670 1859 107.
691 1826 799 1858 Orell.
814 1836 845 1856 ιι.
860 1827 957 1857 4552.
976 1825 1014 1856 Τ.
1030 1825 1087 1854 VA
1124 1823 1224 1855 ENO
1236 1841 1282 1847 —

188 1868 299 1903 ΟΜΝ
303 1868 408 1902 IBVS
431 1866 754 1904 EQVES'rmBVS
776 1866 963 1900 M1L1Tns
983 1863 1277 1900 PERFVNCTO.

189 1912 266 1955 Dig.
291 1911 334 1945 ‘29
356 1912 405 1943 tit.
433 1911 462 1950 l,
484 1913 536 1945 43.
581 1911 708 1951 „Ritus
731 1910 885 1949 saunitas,
910 1910 1058 1952 equestri
1081 1909 1197 1940 militia
1220 1919 1276 1939 ex-

188 1960 323 1988 ornatus
355 1960 390 1987 et
419 1954 453 1987 in
484 1954 642 1987 comitatu
672 1953 857 1996 principum
885 1958 1056 1992 retentus,
1088 1952 1173 1995 cingi
1197 1962 1276 1983 con-

188 1999 298 2031 festim
319 1998 448 2036 iussus,
480 2002 716 2030 testamentum
739 1997 782 2028 de
808 1996 970 2028 castrensi
1000 1995 1132 2037 peculio
1163 1994 1274 2026 facere

188 2044 336 2085 potest“.
382 2040 430 2074 Ut
446 2041 535 2073 inter
557 2046 720 2073 evocatos
744 2038 926 2081 equitesR.
940 2042 1122 2077 meterem,
1146 2036 1275 2071 Galbae

187 2091 315 2119 tantum
338 2090 490 2126 tempore
512 2083 637 2117 sactum
660 2094 736 2117 esse
758 2083 906 2115 invenio.
950 2082 1045 2114 Suet.
1069 2080 1166 2115 Galb.
1192 2080 1242 2113 lo.

147 2140 191 2183 ¹¹³)
215 2139 308 2174 Suet.
332 2136 448 2172 Claud.
472 2137 526 2173 25.

147 2194 306 2268 ''ios-‚⁸1¹3
320 2190 808 2268 1533.¹⁰.·..3212‘51'.{232.3:3³f
829 2189 930 2264 ¹³33.
941 2189 1273 2265 ¹:335...2'5'220i231

184 2279 345 2312 clavius“.
378 2260 478 2314 Qu'ae
494 2288 582 2310 nunc
597 2282 650 2310 est
691 2242 902 2318 leroruiengque
920 2275 1095 2315 sententia,
1114 2257 1265 2310 tribgimus

184 2322 371 2355 laticlavius
394 2321 536 2364 legionis
559 2325 610 2352 est
634 2321 649 2363 (
684 2325 760 2352 orat
793 2320 901 2351 Serm.
929 2320 960 2359 l,
982 2320 1015 2358 6,
1038 2318 1090 2352 48.
1137 2318 1275 2362 vopisc·

186 2366 288 2398 Proh.
311 2366 375 2407 4),
409 2364 670 2407 angusticlavius
694 2363 843 2395 cohortis
873 2361 996 2404 (Caes.
1020 2361 1064 2394 B.
1088 2361 1126 2394 C.
1149 2361 1189 2400 2,
1220 2363 1274 2397 20·

187 2410 274 2443 Plin.
297 2419 349 2451 ep.
374 2407 404 2448 3,
427 2409 476 2449 9).
523 2407 602 2446 ille,
632 2412 667 2438 ut
690 2407 810 2451 Veget.
833 2405 865 2445 2,
890 2406 910 2438 7
932 2406 997 2445 ait,
1025 2406 1134 2438 maior
1156 2405 1274 2439 dictus’

185 2452 398 2495 imperatoris
421 2450 545 2483 iudicio
567 2450 819 2490 destinabatur,
850 2449 925 2489 bic,
946 2450 1055 2482 minor
1076 2450 1275 2491 appellatus’

185 2506 225 2529 ex
250 2495 367 2527 labore
390 2493 624 2537 proveniebat.

144 2543 188 2605 Ξῖ)
212 2541 313 2589 Suet·
330 2535 409 2571 Oct.
432 2536 486 2588 38:
626 2578 635 2586 .
662 2578 671 2586 .
807 2559 815 2567 ,
950 2578 958 2586 .

173 2586 188 2625 )
212 2581 357 2614 Martini.
382 2582 415 2619 3,
436 2579 492 2618 90,
516 2578 549 2610 9.
594 2577 686 2608 Vidit
710 2587 762 2608 me
785 2578 893 2609 Roma
916 2578 1095 2619 tribunum,

227 2625 271 2659 Et
292 2624 419 2664 sedeo,
450 2632 515 2665 qua
538 2627 572 2655 te
595 2621 735 2654 suscitat
757 2618 928 2655 Oceanus.

184 2669 286 2703 ovid.
311 2668 385 2700 fast.
410 2668 442 2705 4,
466 2667 530 2699 384
555 2665 725 2707 (loquitur
749 2665 899 2696 tribunus
922 2665 1046 2696 sedens
1069 2666 1101 2697 in
1123 2665 1241 2706 xiv):

227 2712 304 2748 Dux
327 2710 407 2745 mibi
430 2709 557 2753 Caesar
579 2714 670 2750 erat,
706 2708 768 2742 sub
792 2718 858 2751 quo
882 2708 1046 2743 meruisse
1068 2708 1219 2743 tribunus

270 2756 424 2793 Glorior;
456 2753 572 2786 officio
595 2752 740 2795 praefuit
763 2752 819 2784 ille
842 2761 929 2783 meo.

228 2799 325 2833 Hanc
347 2808 412 2843 ego
435 2796 550 2830 militia
573 2795 707 2836 sedem,
738 2799 773 2828 tu
796 2804 881 2838 pace
904 2794 1040 2837 parasti.

184 2843 343 2887 Calpurn.
367 2841 431 2875 ecl.
456 2843 488 2880 7,
512 2842 566 2875 28.

1393 2104 1440 2136 ib.
1460 2104 1513 2137 25.

1440 2146 1590 2187 Discite,
1621 2147 1677 2190 qui
1701 2146 1836 2190 sapim,
1868 2157 1935 2180 non
1959 2157 2045 2189 quae
2068 2159 2130 2182 nes
2149 2150 2276 2183 scimus
2298 2151 2436 2193 inertes,

1484 2190 1555 2223 Sed
1579 2190 1727 2232 trepidas
1749 2191 1852 2229 acies,
1875 2196 1908 2222 et
1931 2190 2003 2223 [era
2026 2197 2139 2225 castra
2162 2194 2275 2234 sequi3

1442 2232 1580 2275 Proque
1602 2233 1693 2265 bono
1716 2242 1817 2265 versu
1841 2233 1982 2274 primum
2005 2233 2164 2267 deducite
2187 2236 2301 2279 pilum.

1399 2275 1442 2309 cf.
1466 2276 1508 2309 id.
1529 2276 1577 2309 ib.
1600 2277 1632 2316 3,
1655 2276 1709 2315 15,
1732 2276 1764 2308 6.
1811 2276 1916 2309 Plura
1937 2287 1972 2309 v.
1994 2277 2050 2310 lib.
2073 2277 2122 2311 {V
2145 2290 2175 2311 c.
2203 2281 2217 2313 l
2243 2285 2303 2312 not
2330 2282 2362 2315 8.

1360 2321 1403 2361 ²¹)
1427 2321 1546 2352 Senec.
1579 2329 1630 2362 ep.
1665 2321 1717 2352 47.
1770 2319 2059 2352 Msrianaclade
2092 2331 2192 2364 quam
2227 2323 2353 2355 multos
2383 2324 2492 2366 splen·

1400 2363 1570 2394 didissime
1605 2368 1722 2402 natos,
1755 2363 1965 2395 senatorium
2020 2375 2060 2396 er
2095 2366 2243 2398 militiam
2277 2377 2340 2399 aus
2365 2367 2492 2400 ficantes

1399 2406 1538 2449 gradum
1560 2405 1692 2437 senuna
1716 2406 1907 2449 depressit?
1953 2375 2147 2441 Cagsiodor.
2175 2409 2254 2442 νει·-
2272 2411 2295 2444 6
2328 2378 2376 2444 13,
2422 2411 2489 2443 lam

1398 2454 1542 2499 senatus·
1566 2449 1839 2500 praedestinat-us
1862 2455 1934 2489 est,
1964 2451 2017 2482 cui
2041 2463 2104 2484 nos
2134 2434 2332 2485 contnnm’ns
2363 2453 2489 2485 laticla-

1399 2501 1487 2523 viam
1510 2491 1716 2547 dignitatem.
1761 2491 1831 2524 Dio
1853 2492 1908 2532 67,
1936 2494 1985 2526 n.
2028 2494 2159 2530 Ἰούλιος
2172 2497 2414 2541 Καλοόαστρος,
2435 2508 2485 2529 κε-

1394 2537 1613 2580 χύιωρχηκως
1633 2538 1680 2571 εἰς
1701 2538 1851 2578 flandrias·
1873 2537 1998 2570 ἐλπίδα.
2034 2537 2083 2571 ld.
2106 2538 2140 2571 in
2164 2549 2214 2571 or.
2232 2538 2344 2571 Maec.
2358 2537 2411 2578 52,
2434 2539 2489 2572 ⁶25.

1398 2579 1488 2633 δυο-τις
1510 2579 1557 2632 δ’ἱ
1572 2578 1614 2609 ἄν
1635 2580 1701 2631 mir
1721 2580 1857 2632 tuniano,
1881 2580 1939 2611 dui
1954 2580 2085 2613 πολλῶν
2100 2582 2282 2620 διεξελθών,
2307 2583 2489 2626 ἐλλόγιμος,

1398 2633 1557 2697 «gazem
1578 2623 1942 2699 &offensaboysezqtful
1970 2625 2077 2676 fuldis·
2098 2626 2194 2699 sfgr&
2216 2626 2234 2665 q‘
2259 2626 2363 2700 nizo?
2371 2628 2490 2699 geno-

1398 2708 1461 2741 ἀλλ’
1496 2676 1782 2754 ἐσςῗέασιέσθέἔαν
1791 2676 1951 2750 audiui?
1965 2678 2117 2751 ἰζῖίνῖἴῖ
2141 2680 2215 2745 3⁶13:
2234 2679 2490 2757 3301ssch

1398 2762 1482 2786 τινος
1505 2755 1540 2802 hs
1562 2755 1632 2786 τοῖς
1652 2755 1831 2804 πολιτικῆς
1851 2757 2083 2805 στρατῡῖῐὲδοκ
2103 2755 2177 2792 αἷσι,
2199 2756 2279 2794 nbi-r
2301 2758 2367 2788 uir
2390 2759 2426 2788 ἐν
2447 2758 2491 2799 τῷ

1398 2806 1586 2838 τιιαγμενῳ
1609 2796 1879 2846 ἰοζτραῐευμενων.
1925 2795 2010 2829 Pltn.
2033 2807 2112 2840 epp.
2135 2795 2175 2836 G,
2206 2796 2270 2837 31,
2293 2798 2326 2831 4.
2371 2798 2488 2843 Nupta

1399 2836 1484 2870 llaec
1508 2843 1581 2870 erat
1605 2839 1739 2872 tribuno
1762 2838 1922 2879 militum,
1955 2840 2103 2873 bonores
2126 2840 2285 2882 petitum.

1941 2897 1968 2938 9
