2720 3402
158 81 258 136 46

162 229 343 289 equites
376 225 632 287 praestitit,
676 238 835 283 quam,
878 236 995 282 quae
1028 228 1102 268 est
1134 221 1391 268 communis
1423 220 1670 278 divitibus,
1702 234 1923 267 novarum
1956 235 2112 274 rerum
2145 222 2517 284 seditionumque

162 300 390 355 formido,
415 298 478 359 ς4)
520 311 633 357 quae
665 301 764 340 tum
798 309 1005 356 quoque,
1048 308 1188 355 quum
1220 309 1406 340 omnem
1448 293 1718 356 dignitatem
1760 292 2037 340 iudiciorum
2068 295 2315 352 tenebant,
2359 302 2518 344 contra

164 372 465 419 Saturninum
497 367 831 426 Glauciamque
866 366 937 427 (a.
973 365 1092 426 100)
1126 382 1231 411 cum
1265 367 1565 427 optimatibus
1608 381 1689 410 eos
1721 365 2041 411 coniunxerat.
2064 365 2127 427 ⁶⁵)
2200 367 2306 429 Qua
2339 370 2519 414 sublata

163 463 301 508 quam
343 444 483 491 fallax
524 455 750 500 quamque
792 439 939 486 breve
982 444 1166 500 tempus
1210 438 1432 486 duratura
1473 437 1718 486 concordia
1750 444 1878 484 esset
1911 437 2148 495 ordinum,
2190 438 2379 486 biennio
2411 449 2521 502 post

164 517 388 566 Catilinae
430 511 670 559 interitum
703 511 879 574 patuit,
923 525 1064 574 quum
1095 510 1162 568 is,
1205 510 1284 573 qui
1315 525 1435 560 unus
1468 511 1572 559 eius
1612 509 1886 559 concordiae
1928 509 2181 560 acerrimus
2222 511 2519 561 adversarius

164 597 285 643 erat,
326 588 363 632 Ι.
399 587 597 640 Caesar,
640 585 851 644 quamvis
884 599 978 629 non
1011 584 1244 643 equitibus
1276 584 1423 644 magis
1456 599 1592 644 quam
1625 584 1805 630 senatui
1836 584 2020 632 faveret
2031 583 2122 646 „⁰⁶)
2154 591 2309 631 tamen
2342 584 2519 645 gratifi—

163 661 354 708 candum
388 656 564 716 aliquid
596 656 655 702 iis
689 657 1008 711 arbitraretur,
1041 663 1107 710 ut,
1141 655 1324 701 etiamsi
1357 672 1451 700 non
1484 655 1578 717 ipsi
1611 673 1693 702 eos
1726 655 2015 711 conciliaret,
2048 663 2204 701 tamen
2237 673 2264 701 a
2295 656 2518 702 nobilium

160 740 291 796 parte
325 727 629 790 disiungeret,
694 729 831 775 Anno
865 728 990 774 enim
1022 728 1083 774 61
1114 727 1308 773 Clodius
1342 728 1537 775 sceleris
1571 736 1732 777 contra
1762 731 1926 775 bonam
1959 728 2094 775 deam
2127 733 2382 785 accusatus,
2416 743 2519 773 cor-

158 803 310 866 ruptis
342 800 588 857 iudicibus,
622 799 700 861 qui
733 805 867 845 erant
899 800 1003 861 lege
1037 798 1244 855 Aurelia,
1277 800 1518 846 absolutus
1551 807 1665 847 erat.
1724 801 1868 848 Cuius
1900 800 2059 847 iudicii
2090 800 2267 847 invidia
2299 815 2440 862 quum
2472 806 2521 846 et

158 892 324 937 magna
355 880 509 930 esset,
551 888 704 932 neque
737 873 797 917 ad
830 888 935 928 eoS,
977 872 1056 932 qui
1090 878 1222 917 erant
1253 872 1378 917 inter
1409 872 1589 919 iudices
1623 874 1856 919 nobilibus
1889 873 2047 929 dediti,
2080 874 2365 935 pertineret,
2406 890 2518 936 pro-

159 949 413 1011 mulgatum
447 961 509 992 ex
542 944 943 992 senatusconsulto
977 949 1074 1000 est,
1111 950 1162 990 ut
1193 943 1253 990 de
1287 942 1371 1000 iiS,
1405 944 1485 1005 qui
1518 945 1577 991 ob
1609 944 1903 993 iudicandum
1937 945 2179 1008 pecuniam
2212 945 2517 1008 accepissent,

205 1145 242 1177 to
263 1143 388 1176 πεδίον.
434 1141 503 1174 Cic.
527 1141 559 1174 in
584 1140 701 1174 Pison.
724 1143 756 1176 5.
800 1140 913 1175 Erat
944 1151 1031 1174 non
1062 1140 1202 1173 solum
1233 1140 1305 1173 do·
1423 1146 1550 1174 creta
1582 1140 1796 1175 fecerunt.
1842 1141 1884 1175 cf.
1907 1141 2109 1185 ‹iehan-usp.
2134 1152 2223 1185 resp.
2247 1141 2273 1182 1,
2299 1142 2330 1181 1,
2356 1142 2384 1175 l.
2429 1142 2462 1182 2,
2486 1143 2517 1175 5.

205 1196 297 1220 mins
326 1195 417 1217 mea
447 1184 524 1217 sed
557 1189 698 1217 totum
727 1184 943 1228 palatium
973 1189 1148 1224 senatu,
1180 1185 1305 1226 equi·
1423 1184 1534 1224 8,17.
1580 1184 1717 1221 Quum
1740 1185 1896 1218 ab-lioc
1919 1186 2071 1218 eodem
2098 1186 2396 1228 impurissimo
2419 1196 2517 1229 par-

205 1231 320 1262 tibus
354 1229 575 1268 Romanis,
610 1229 800 1261 civitate
836 1228 949 1260 omni
981 1227 1204 1260 refertum.
1262 1226 1304 1259 cs.
1424 1227 1572 1260 ricida
1604 1237 1814 1271 rogarer,
1859 1229 1981 1260 cuius
2015 1239 2158 1261 essem
2192 1228 2417 1269 civitatis,
2451 1239 2517 1261 re-

205 1273 274 1305 Cic.
311 1281 360 1303 or.
393 1270 490 1303 Catil.
522 1274 562 1310 4,
593 1272 634 1311 7,
667 1273 717 1304 15.
763 1271 852 1304 Plin.
876 1271 938 1310 33,
969 1269 1001 1302 8.
1046 1270 1129 1303 Sall.
1153 1270 1227 1302 Cat.
1250 1271 1304 1303 49.
1339 1270 1347 1343 Ι
1423 1270 1604 1312 spondi,
1643 1281 1705 1303 me
1736 1269 2038 1313 probantibus
2070 1277 2110 1304 et
2144 1272 2278 1305 vobis
2315 1278 2356 1305 et
2394 1273 2517 1315 equi·

203 1316 388 1356 Equites
423 1314 625 1353 Romani,
660 1314 733 1355 qui
769 1313 988 1355 praesidii
1023 1322 1180 1344 caussa
1213 1323 1305 1344 cum
1423 1313 1542 1344 tibus
1579 1312 1786 1345 Romanis
1824 1314 1921 1346 eius
1955 1324 2077 1354 esse,
2122 1325 2232 1357 quae
2265 1325 2422 1348 carere
2457 1325 2518 1348 me

203 1358 311 1390 telis
341 1362 467 1388 erant
501 1357 665 1388 circum
698 1355 990 1388 Concordiae.
1038 1354 1129 1387 idem
1153 1355 1304 1394 Caesari,
1421 1365 1503 1386 non
1536 1355 1776 1397 potuisset.
1823 1356 1863 1387 cs.
1896 1357 1929 1387 in
1953 1355 2068 1387 Pison.
2095 1356 2145 1388 Μ.
2190 1368 2240 1399 pr.
2256 1359 2359 1390 Sext.
2392 1359 2433 1396 7,
2467 1358 2517 1389 17.

201 1399 387 1443 egredienti
410 1409 451 1429 ex
475 1404 605 1437 senatu,
634 1399 666 1429 in
692 1409 758 1440 quo
782 1404 897 1430 contra
920 1408 1083 1429 summum
1105 1397 1303 1439 supplicium
1421 1397 1454 1436 8,
1481 1396 1529 1428 18.
1568 1397 1618 1432 11,
1641 1396 1693 1428 25.
1733 1397 1784 1434 12,
1808 1397 1860 1430 27.
1896 1398 1947 1438 15,
1971 1398 2023 1430 35.
2061 1398 2111 1437 16,
2135 1398 2187 1431 38.
2222 1399 2276 1440 31,
2299 1400 2353 1435 68.
2387 1401 2441 1440 40,
2465 1400 2517 1433 87.

203 1444 452 1475 coniuratorum
485 1442 637 1480 dixerat,
673 1441 792 1484 gladiis
823 1442 960 1473 minitati
989 1446 1074 1472 sunt.
1128 1440 1212 1474 Sall.
1236 1440 1257 1471 Ι.
1281 1440 1302 1473 Ι.
1423 1439 1607 1475 Quomodo
1645 1441 1745 1472 etiam
1785 1446 1862 1482 post
1901 1441 2044 1473 reditum
2079 1442 2253 1474 Ciceronis
2292 1453 2366 1475 cum
2400 1449 2519 1476 senatu

204 1486 295 1519 Plut.
320 1484 420 1517 Caes.
444 1485 475 1518 8.
522 1484 563 1517 cf.
588 1486 681 1517 suet.
706 1485 803 1517 Caes.
830 1484 879 1518 14.
927 1484 1043 1516 Drum.
1069 1484 1102 1523 3,
1124 1493 1156 1526 p.
1185 1485 1257 1517 174.
1420 1488 1542 1515 contra
1555 1482 1711 1516 Clodium
1734 1484 1866 1526 equites
1889 1485 2136 1525 consenserint,
2160 1495 2193 1518 v.
2204 1495 2258 1528 ap.
2272 1485 2374 1520 Dion.
2388 1486 2442 1527 39,
2466 1486 2518 1519 29.

161 1561 207 1602 ⁰³)
232 1558 451 1600 Promulgata
473 1559 546 1600 lege
571 1558 679 1590 Clodii
711 1559 839 1599 equites
863 1557 1007 1589 Romani
1030 1566 1149 1588 omnes
1171 1561 1302 1589 vestem
1380 1553 1425 1594 ⁶⁴)
1450 1551 1519 1584 Cic.
1547 1552 1593 1583 ad
1617 1551 1661 1586 Q.
1689 1551 1785 1584 fratr.
1812 1552 1849 1591 l,
1880 1552 1917 1592 l,
1947 1552 1986 1584 δε
2023 1577 2044 1592 „
2055 1553 2195 1585 Constat
2224 1555 2312 1587 enim
2345 1556 2521 1598 provincia

204 1605 433 1641 mutaverunt,
469 1600 735 1644 Ciceronemque
767 1600 894 1655 viginti
913 1599 1128 1654 sere-millia.
1146 1599 1303 1632 iuvenum
1421 1595 1503 1628 Asia
1529 1613 1565 1619 —
1593 1614 1630 1619 —
1655 1613 1693 1619 —
1720 1604 1763 1627 ex
1787 1605 1829 1628 eo
1852 1605 1977 1638 genere
2001 1596 2142 1635 civium,
2167 1597 2222 1639 qui
2244 1603 2321 1639 aut,
2345 1599 2436 1641 quod
2458 1609 2518 1642 pu·

206 1645 380 1689 prosecuti
403 1650 490 1677 sunt.
526 1644 631 1685 (Plut.
650 1644 719 1678 Cic.
740 1644 793 1677 31.
828 1649 876 1677 ου
895 1656 962 1688 μην
981 1645 1063 1676 «aba
1083 1645 1305 1687 τῳΚικέρωνι
1421 1639 1543 1671 blicani
1573 1643 1668 1677 ⁸⁰³²,
1702 1648 1766 1671 ¹¹0⁸
1795 1649 1926 1672 summa
1954 1639 2202 1672 ssetessslmdlfle
2232 1642 2416 1685 attingunt,
2450 1648 2520 1683 aut,

203 1689 335 1734 πρῶτον
365 1688 427 1723 μὲν
458 1688 570 1732 ὀλίγον
599 1689 671 1721 δεῖν
701 1690 833 1732 «ἅμα,
862 1688 898 1720 τὰ
922 1688 986 1720 τῶν
1014 1688 1158 1720 zamma,
1178 1688 1304 1727 πλῆθος
1423 1681 1513 1723 quod
1543 1681 1589 1714 ita
1620 1682 1854 1724 negotiantur,
1885 1686 1921 1715 ut
1943 1681 2133 1725 locupletes
2156 1683 2241 1724 sint,
2271 1686 2377 1718 nostri
2400 1697 2520 1718 consu·

203 1732 422 1775 συμμετέβαλε
444 1732 500 1771 τήν
522 1732 653 1771 ἐσθῆτα,
676 1733 731 1763 καὶ
755 1733 935 1774 ὠςμυριωμ
956 1731 1017 1762 0132
1039 1732 1189 1764 ιιᾰηομς
1220 1732 1304 1762 νέω,
1422 1724 1510 1757 latus
1525 1724 1694 1756 beneflcio
1710 1735 1748 1757 se
1767 1725 1955 1757 incolumes
1971 1725 2122 1759 sonunas
2136 1726 2264 1760 babere
2279 1728 2519 1761 arbitrantur&

204 1775 660 1857 {3⁹0³-ia²⁰⁶33w5334⁴“³1⁷{‘⁶
681 1775 737 1847 ’,εἴ
751 1776 1034 1857 &mars-d
1059 1772 1100 1848 eg·
1123 1772 1302 1856 'fa-‚⁶⁰35
1422 1766 1645 1853 31215'335...
1652 1767 1804 1852 ‘33:³02ss
1824 1768 2521 1848 stssgzzffissfflzffisffissz&aasz

258 1841 267 1854 ‚
294 1837 301 1846 ο
340 1840 347 1847 ι
434 1841 442 1848 .
467 1839 478 1847 ι.
553 1840 559 1847 ι
629 1840 638 1848 ο
843 1840 849 1846 ι
1039 1840 1046 1846 .
1071 1837 1078 1845 ο
1093 1840 1102 1854 ,
1148 1835 1178 1846 ι.
1291 1833 1303 1839 ·
1512 1834 1522 1850 9

204 1864 284 1893 natu
305 1863 419 1891 amem
449 1870 471 1892 a
494 1858 638 1892 Gabinio
664 1864 853 1892 convocato
884 1858 1015 1901 equites
1044 1859 1078 1891 in
1103 1857 1303 1900 Capitolium
1422 1852 1538 1887 consul
1562 1854 1821 1897 proscu‘ptionts
1844 1854 2095 1889 denuntiatione
2118 1856 2305 1890 terrebam.
2343 1863 2421 1900 post
2445 1858 2519 1891 red.

203 1908 436 1933 convenerunt
459 1912 499 1934 ac
523 1902 654 1943 legatos
677 1912 741 1943 pro
761 1901 926 1933 Cicerone
947 1901 991 1932 ad
1015 1901 1171 1933 consules
1194 1906 1228 1932 et
1251 1911 1301 1931 se-
1420 1898 1453 1928 iu
1474 1907 1547 1928 sen.
1574 1897 1626 1936 13,
1649 1896 1702 1929 33.
1743 1897 1885 1936 „Quare
1904 1926 1907 1930 .
1952 1908 2007 1930 um
2030 1898 2183 1930 viderem
2204 1904 2357 1932 senatum
2380 1900 2521 1933 ducibus

202 1949 335 1983 natum,
365 1954 467 1988 quum
490 1944 576 1978 alios
600 1954 641 1977 ex
665 1955 727 1977 suo
751 1943 888 1984 ordine,
920 1948 990 1976 tum
1014 1943 1058 1980 Q.
1082 1943 1301 1976 Hortensium
1421 1940 1589 1980 orbatum,
1612 1949 1666 1973 me
1684 1950 1706 1973 a
1726 1939 1912 1984 magistrati
1936 1951 1975 1975 us
1994 1941 2115 1985 partim
2133 1948 2374 1986 oppugnatum,
2397 1944 2519 1987 partim

202 1994 235 2019 et
260 1987 297 2019 C.
323 1987 522 2024 Curionem,
557 1989 747 2020 senatorios
773 1988 883 2026 viros,
917 1988 1088 2018 miserunt.
1134 1987 1203 2019 Sed
1233 1997 1300 2019 non
1420 1983 1611 2026 proditum,
1643 1983 1764 2025 purtim
1787 1983 2004 2024 derelictum,
2037 1995 2158 2017 servos
2181 1986 2394 2018 simulatione
2417 1987 2519 2018 colle-

202 2029 303 2063 modo
335 2029 398 2063 lios
428 2030 521 2062 aditu
546 2030 659 2062 curiae
682 2029 852 2073 prohibuit
876 2029 1055 2068 Gabinius,
1089 2028 1150 2060 sed
1173 2029 1213 2061 L.
1236 2030 1301 2061 Ae·
1419 2026 1550 2101 {iorum
1574 2026 1766 2059 nominatim
1790 2036 1868 2059 esse
1891 2028 2122 2070 conscriptos,
2150 2029 2267 2072 copias
2290 2040 2407 2061 omnes
2431 2028 2519 2062 Cati-

199 2074 278 2105 lium
301 2074 402 2106 etiam
426 2073 600 2113 Lamiam,
628 2074 795 2115 equestris
818 2072 946 2105 ordinis
993 2072 1169 2114 rincipem,
1200 2071 1301 2103 velie·
1434 2070 1508 2101 inae
1538 2080 1647 2112 paene
1680 2069 1798 2102 iisdem
1827 2070 1968 2103 ducibus
1998 2071 2042 2103 ad
2072 2081 2167 2115 spem
2198 2072 2313 2105 caedis
2342 2077 2376 2104 et
2408 2072 2519 2105 incen-

201 2117 344 2149 mentius
365 2118 565 2152 inu-mem,
589 2122 709 2158 postea
731 2116 914 2159 relegavit:
941 2115 956 2156 (
987 2115 1033 2147 ic.
1057 2126 1107 2157 pr.
1131 2116 1226 2146 Sext.
1254 2116 1303 2153 13,
1421 2113 1553 2144 diorum
1577 2124 1655 2144 esse
1679 2118 1871 2152 revocatas,
1898 2114 2030 2155 equites
2052 2114 2227 2147 Romanos
2250 2116 2518 2157 proscriptionis,

203 2161 258 2196 32,
280 2161 332 2191 33.
378 2170 410 2201 p.
435 2160 505 2190 red.
530 2160 562 2190 in
584 2169 655 2190 sen.
679 2161 711 2198 5,
739 2161 788 2191 12.
834 2158 878 2189 ad
902 2158 979 2189 sam.
1007 2160 1065 2194 ll,
1098 2159 1154 2194 163
1190 2158 1222 2188 in
1247 2156 1303 2188 Pi·
1422 2155 1599 2197 municipia
1617 2156 1797 2194 vastitatis,
1821 2165 1940 2187 omnes
1960 2155 2075 2187 caedis
2098 2161 2187 2187 metu
2209 2167 2286 2188 esse
2306 2162 2517 2200 permotos“,

204 2210 278 2233 sou.
301 2200 379 2244 27.)
424 2202 624 2235 Hortensius
653 2207 686 2235 et
716 2200 819 2236 Curio
851 2201 907 2235 vix
939 2199 1088 2234 consulis
1118 2200 1202 2234 iram
1226 2198 1303 2233 Clo·
1422 2202 1456 2230 et
1489 2208 1575 2240 quae
1596 2209 1670 2241 seq.
1717 2198 1775 2232 Pr.
1801 2197 1903 2232 domo
1926 2197 1987 2238 21,
2017 2198 2077 2231 552
2106 2198 2231 2239 „Quid
2253 2211 2353 2242 quum
2377 2202 2519 2235 Gabinio

204 2245 317 2284 diique
340 2246 372 2276 in
395 2246 558 2277 concione
577 2246 724 2276 furorem
744 2245 941 2286 effugerunt,
965 2245 1003 2276 C.
1016 2244 1178 2275 Vibienus
1199 2244 1302 2274 vitam
1421 2241 1522 2281 Syria
1545 2241 1699 2280 dabatur,
1729 2241 1936 2273 Macedonia
1966 2241 2104 2280 Pisoni,
2140 2260 2176 2266 -
2204 2262 2241 2267 -
2265 2248 2302 2274 ut
2325 2244 2383 2275 tibi
2405 2246 2520 2277 omnia

204 2286 331 2328 amisit,
366 2287 525 2321 Gabinius
547 2292 656 2321 mitem
681 2288 714 2322 in
737 2288 902 2322 concione
925 2296 1034 2330 neque
1058 2286 1124 2321 iam
1148 2290 1302 2320 senatum
1419 2282 1671 2334 permitterent,
1694 2288 1729 2318 ie
1751 2283 1971 2324 adiuvarent,
1997 2304 2034 2310 ·-
2063 2304 2100 2310 -·
2124 2291 2261 2320 senatus
2283 2288 2519 2322 auctoritatem

204 2331 386 2370 quidquam
417 2332 448 2361 iu
483 2332 655 2371 republica
683 2342 785 2371 posse
815 2337 849 2361 et
879 2332 1008 2370 equites
1038 2331 1213 2361 Romanos
1244 2329 1302 2359 da·
1422 2326 1612 2363 irriderent,
1637 2327 1804 2367 equitibus
1827 2326 1988 2357 Romanis
2010 2333 2151 2359 mortem
2173 2331 2301 2371 proscri
2327 2331 2520 2372 tionemque

205 2377 299 2405 turos
322 2372 409 2404 illius
442 2371 506 2404 diei
532 2383 660 2416 poenas
684 2371 882 2412 affirmavit,
918 2383 1003 2416 quo,
1035 2372 1202 2405 Cicerone
1223 2382 1302 2404 con·
1422 2367 1652 2402 minitarentur
1677 2387 1714 2393 —
1740 2379 1782 2402 ne
1804 2374 1875 2402 tum
1899 2369 2031 2413 quidem
2055 2371 2107 2404 vis
2129 2372 2259 2406 erat?⁶·'
2316 2373 2346 2407 b.
2370 2373 2433 2415 30,
2457 2374 2518 2408 96:

203 2416 301 2454 sule,
333 2427 407 2447 cum
432 2416 550 2457 gladiis
579 2418 611 2447 in
636 2417 724 2447 clivo
748 2417 938 2448 Ca›itolino
961 2417 1112 2447 fuissent.
1159 2416 1229 2447 Cic.
1252 2426 1302 2457 pr.
1422 2412 1562 2450 „Quum
1586 2414 1732 2444 omnium
1756 2413 1961 2453 perditorum
1975 2419 2008 2445 et
2030 2416 2279 2448 coniuratorum
2299 2417 2435 2449 incitata
2453 2418 2518 2457 vis,

202 2460 299 2492 Sext.
327 2460 377 2500 1⁶2,
401 2460 453 2492 ⁸28.
499 2458 566 2491 Dio
590 2461 653 2499 38,
687 2460 736 2493 16.
810 2459 911 2492 )rmu.
936 2461 976 2497 2,
998 2460 1064 2493 24ss
1097 2464 1133 2491 et
1168 2464 1303 2502 praeter
1422 2454 1508 2487 duce
1532 2454 1665 2487 tribuno
1689 2455 1817 2508 plebis,
1852 2456 2043 2490 consulibus
2065 2459 2280 2500 auctoribus,
2314 2460 2443 2494 afflicto
2466 2472 2518 2494 se-

202 2504 310 2544 locos,
334 2514 422 2546 quos
446 2503 498 2534 hie
520 2504 648 2543 attulit,
672 2503 742 2536 Cic.
756 2514 804 2535 or.
820 2510 896 2545 post
918 2504 987 2536 red.
1002 2504 1046 2536 ad
1060 2503 1156 2539 Quir.
1180 2505 1214 2542 6,
1241 2503 1301 2541 133
1421 2504 1522 2537 natu,
1554 2500 1744 2541 perterritis
1775 2500 1940 2542 equitibus
1970 2500 2130 2535 Romanis
2162 2522 2200 2527 -
2237 2522 2274 2527 -
2304 2515 2372 2537 non
2395 2509 2462 2537 mm
2485 2505 2518 2538 in

203 2550 235 2586 7,
264 2549 311 2580 16.
350 2552 428 2589 post
452 2546 523 2578 red.
536 2547 568 2578 in
592 2557 662 2578 seu.
676 2548 708 2586 5,
734 2546 793 2579 12:
822 2548 870 2583 13,
894 2547 946 2579 33.
981 2556 1030 2587 pr.
1044 2546 1144 2578 domo
1159 2547 1215 2585 21,
1238 2547 1301 2584 553
1421 2552 1475 2574 me
1497 2542 1658 2584 impetum
1680 2542 1818 2583 faceret,
1841 2543 1903 2576 sed
1921 2553 1984 2586 per
1999 2546 2104 2578 mein
2125 2556 2244 2579 omnes
2265 2546 2409 2580 bonos.“
2443 2547 2515 2581 rell.

200 2592 257 2629 22,
281 2592 334 2624 56.
371 2589 484 2625 Quum
509 2595 618 2622 autem
640 2589 825 2632 Pompeius
849 2588 892 2621 de
917 2588 1112 2621 revocando
1136 2589 1303 2622 Cicerone
1419 2585 1464 2617 ad
1487 2585 1555 2617 Αῑί.
1582 2584 1612 2625 l,
1638 2584 1690 2624 19,
1712 2586 1742 2617 4.

203 2634 324 2673 ferret,
346 2634 459 2676 rogari
484 2633 644 2675 populum
666 2643 687 2663 a
710 2638 849 2670 senatu,
877 2631 922 2663 ab
945 2643 963 2663 e
989 2633 1107 2664 uitibus
1130 2633 1302 2672 Romanis,
1378 2650 1423 2692 ω)
1447 2649 1508 2682 Cic
1541 2659 1584 2691 pr
1617 2648 1753 2683 Rabirio
1777 2651 1796 2682 7
1850 2651 1888 2684 cf
1917 2663 1944 2686 c-
1968 2651 1990 2685 9

203 2677 245 2709 ab
270 2677 364 2709 italia
387 2681 510 2708 cuncta
533 2675 627 2707 dixit.
666 2674 726 2716 (ad
750 2674 846 2710 Qnir.
870 2685 903 2716 p.
929 2685 966 2706 re
992 2699 999 2706 .
1024 2677 1054 2714 7,
1081 2676 1145 2714 lo.)
1183 2675 1225 2708 cs.
1251 2686 1300 2718 pr.
1510 2674 1518 2682 '
1584 2674 1592 2681 “
1798 2676 1806 2683 ”
1885 2677 1893 2685 ·
1991 2678 2001 2685 “

205 2719 304 2752 domo
327 2721 381 2759 ⁵28,
405 2721 458 2753 74.
506 2717 740 2751 Proximus
770 2723 837 2750 est
869 2717 1083 2759 dignitati
1113 2725 1301 2751 senatus
1377 2719 1424 2761 ⁶⁶)
1450 2717 1520 2749 Cic.
1545 2716 1632 2750 Phil.
1654 2717 1687 2759 2,
1710 2719 1772 2752 37:
1797 2719 1909 2761 „Quis
1931 2722 2017 2754 enim
2041 2722 2194 2765 cuiquam
2218 2723 2393 2763 inimicior,
2420 2732 2518 2765 quam

206 2763 315 2793 ordo
350 2768 572 2805 equester.
619 2759 777 2794 Omnes
808 2761 990 2792 omnium
1021 2762 1300 2804 publicorum
1420 2761 1586 2793 Deiotaro
1610 2761 1760 2796 Caesar?
1787 2774 1896 2806 aeque
1918 2770 2019 2807 atque
2043 2765 2119 2797 liuic
2143 2765 2270 2805 ordini,
2300 2771 2334 2797 ut
2359 2767 2517 2808 equestri,

203 2807 455 2839 societates
487 2805 538 2838 de
569 2815 660 2838 meo
685 2803 921 2837 consulatu
953 2814 1000 2837 ac
1028 2804 1079 2838 de
1102 2805 1208 2837 meis
1232 2816 1299 2838 re·
1420 2808 1456 2837 ut
1480 2803 1765 2847 Massiliensibus,
1799 2812 1834 2840 ut
1857 2809 2029 2848 omnibus,
2055 2809 2175 2851 quibus
2197 2809 2435 2852 rempublicam
2459 2821 2516 2853 po-

205 2850 280 2882 bus
303 2850 443 2892 gestis
466 2848 740 2892 amplissima
762 2852 896 2889 atque
921 2849 1205 2881 ornatissima
1228 2848 1299 2881 de·
1420 2847 1489 2890 puli
1513 2847 1654 2881 Romani
1678 2860 1790 2883 caram
1814 2861 1890 2883 esse
1912 2852 2126 2885 sentiebam.
