2720 3402
178 325 257 401 aut
299 318 554 381 potentiam
596 318 698 366 sine
741 318 876 366 titulo
918 336 1127 383 magnam
1170 321 1328 384 adepti
1362 330 1470 370 sunt
1502 319 1602 370 alii
1624 324 1679 385 ¹⁵)
1744 323 1810 369 Ut
1852 320 2109 380 „Caesaris
2143 319 2310 380 opibus
2343 319 2395 363 C.
2430 316 2532 375 Op-

175 391 350 453 piusffl)
384 399 432 437 et
464 392 604 437 Corn.
637 391 814 438 Balbus
848 392 985 455 primi
1016 400 1213 456 potuere
1247 395 1536 443 conditiones
1573 396 1698 458 pacis
1732 402 1780 443 et
1813 394 2002 442 arbitria
2034 391 2148 441 belli
2183 392 2445 438 tractare=“
2474 386 2530 448 ¹⁷)

178 464 351 520 „Matii
373 465 429 526 ι8)
472 466 667 527 posthac
700 472 747 509 et
780 466 941 522 Vedii,
964 467 1018 528 ¹⁹)
1064 474 1112 512 et
1145 473 1301 512 cetera
1334 468 1538 529 equitum
1570 469 1885 515 Romanorum
1917 466 2189 531 praevalida
2220 462 2445 511 nomina“
2469 459 2537 521 ²¹¹).

175 538 266 582 sub·
302 538 515 598 Augusto
556 539 810 593 florebant,
859 538 981 584 inter
1024 555 1141 599 quos
1181 554 1243 583 ne
1286 555 1390 585 cum
1433 541 1537 585 aliis
1579 541 1879 586 Proculeium
1922 552 2303 593 commemorem,
2356 533 2431 579 cui
2472 533 2529 576 fi-

176 608 283 657 liam
326 610 492 658 Iuliam
543 609 592 656 in
640 609 982 657 matrimonium-
1026 612 1138 657 dare
1192 611 1400 657 voluisse
1443 612 1708 673 Augustum
1753 613 1992 657 dicebant:
2015 613 2099 672 2¹),
2129 612 2233 672 quis
2281 615 2533 671 poetarum·

175 683 545 746 scriptorumque
577 681 719 729 huius
746 682 855 730 aevi·
883 683 1095 731 laudibus
1128 684 1431 741 celebratior,
1466 700 1602 745 quam
1634 685 1906 741 Maecenas,
1941 684 2054 741 „cui
2087 683 2341 730 secretiora
2374 677 2531 726 omnia

174 755 254 801 ille
288 756 632 802 communicare⁴
660 756 882 812 solebat“,
914 756 995 801 illa
1027 756 1274 814 „Caesaris
1308 757 1417 803 almi
1448 757 1705 814 Dextera“,
1725 757 1768 784 22
1818 756 1934 804 illud
1968 762 2047 809 „et
2078 763 2262 818 sumpta
2293 761 2341 801 et
2372 750 2530 815 posita

174 844 289 889 pace
331 829 479 874 fidele
505 832 697 890 caput“,
719 828 779 889 ²³)
813 829 891 888 qui
922 844 1025 874 cum
1057 828 1310 890 plurimum
1354 830 1484 892 apud
1521 829 1653 876 illum
1695 837 1884 892 posset,
1925 830 2047 875 adeo
2074 836 2127 874 ut
2169 831 2225 874 ab
2267 843 2324 874 eo
2368 824 2533 871 multis-

174 901 377 947 honores
420 908 469 947 et
509 901 802 963 magistratus
834 901 1131 961 impetraret,
1174 917 1278 947 cum
1310 903 1485 948 maiora
1526 903 1749 963 consequi
1791 909 1980 965 posset,
2022 918 2121 946 non*
2151 899 2443 960 concupivit,
2461 895 2526 956 ²⁴)

174 979 223 1018 et
256 979 450 1034 angusto
484 974 616 1019 clavo
648 974 774 1019 bene*
801 980 1044 1019 contentus
1078 972 1281 1034 vixit.2⁵)
1341 975 1485 1021 Cuius
1513 976 1723 1021 aemulos
1750 990 1850 1020 non—
1872 989 2048 1037 paucos
2073 972 2281 1028 invenio,
2311 970 2527 1032 Crispum

175 1045 462 1103 Sallustium,
496 1045 716 1092 incolumi
746 1046 1017 1091 Maecenate
1050 1045 1330 1107 proximum,
1363 1064 1475 1093 mox
1507 1049 1808 1109 praecipuum
1822 1084 1838 1105 ,.
1867 1048 1943 1093 cui
1976 1054 2159 1093 secreta
2190 1043 2374 1106 imperii
2406 1041 2525 1087 inni·-

173 1124 408 1175 terentur,
455 1119 573 1180 „qui
606 1118 813 1179 equestri
841 1119 945 1163 loco
980 1123 1134 1175 ortus,
1168 1133 1427 1179 quanquam
1457 1129 1674 1182 prompto
1709 1122 1767 1167 ad
1800 1120 2115 1182 capessendos
2148 1119 2353 1163 honores
2387 1112 2534 1167 aditu,

174 1192 492 1236 Maecenatem
525 1191 805 1245 aemulatus,
847 1190 948 1234 sine
982 1188 1205 1250 dignitate
1249 1191 1483 1237 senatoria
1523 1195 1694 1239 multos
1735 1193 2083 1254 triumphalium
2126 1187 2529 1245 consulariumque

174 1263 384 1324 potentia
426 1263 686 1309 anteivit“:
709 1260 770 1321 26)
816 1260 1006 1305 Mellam
1040 1265 1088 1306 et
1119 1260 1386 1321 Crispinum
1430 1264 1649 1323 „equites
1681 1264 1916 1310 Romanos
1928 1300 1945 1321 ,.
1981 1263 2205 1325 dignitate
2239 1258 2474 1307 senatoria
2484 1263 2529 1311 “,

175 1350 371 1394 quorum
401 1335 574 1389 Mella,
613 1333 822 1378 Senecae
855 1332 1002 1377 frater
1042 1337 1091 1377 et
1131 1331 1242 1393 ipse
1278 1339 1423 1393 pater
1444 1334 1623 1381 Lucani
1666 1336 1931 1396 „petitione
1972 1337 2203 1382 honorumv
2241 1331 2530 1378 abstinuerat

175 1422 263 1468 per
304 1405 602 1452 ambitionem
643 1411 1018 1467 praeposteram,
1067 1411 1119 1450 ut
1160 1420 1303 1464 eques
1345 1406 1585 1452 Romanus
1625 1409 1944 1454 consularibus
1985 1407 2195 1468 potentia
2235 1410 2528 1465 aequaretur.

176 1480 326 1525 Simul
365 1479 671 1537 acquirendae
714 1477 940 1537 pecuniae
983 1476 1179 1521 brevius
1216 1476 1307 1521 iter
1350 1479 1598 1535 credebat,
1641 1495 1730 1541 per
1761 1479 2118 1541 procurationes
2154 1472 2527 1522 administrandis

176 1549 420 1612 Principis
451 1547 717 1611 negotiis“=
740 1550 801 1611 2²)
834 1550 1054 1596 Flaccum
1085 1549 1437 1607 Vescularium,
1478 1568 1554 1611 eq.
1583 1552 1642 1596 R.
1676 1553 1752 1597 cui
1792 1553 1986 1614 propior
2034 1567 2148 1597 usus
2190 1566 2292 1594 cum
2333 1545 2527 1592 Tiberio

176 1631 301 1671 erat:
323 1622 388 1686 ²⁸)
417 1622 537 1669 alios
569 1622 738 1683 quietis
770 1628 948 1669 tantum
981 1620 1197 1683 cupidoS,
1226 1622 1500 1669 Cornelium,
1520 1624 1724 1671 Fuscum
1740 1625 1800 1686 2⁹)
1834 1625 2179 1684 Minuciumque
2196 1620 2454 1667 Macrinum
2470 1617 2531 1678 ³⁰)

176 1698 262 1743 sub
288 1696 596 1758 Vespasiano,
627 1694 922 1741 Herennium
951 1693 1258 1740 Senecionem
1291 1696 1377 1740 sub
1398 1696 1691 1745 Domitiano:
1713 1699 1773 1759 ³¹)
1808 1698 2063 1744 Masurium
2089 1696 2328 1749 Sabinum,
2359 1693 2448 1752 Eq.
2474 1691 2532 1735 R.

176 1770 467 1831 eundemque
500 1769 664 1815 Ictum
694 1768 881 1815 Nervae
915 1766 1341 1826 familiarissimum,
1358 1767 1420 1831 ³²)
1452 1769 1620 1831 quibus
1651 1788 1710 1818 ne
1744 1771 1866 1818 alios
1894 1770 2149 1832 addam,³³)
2183 1769 2231 1816 id
2264 1765 2531 1816 meminisse

180 1944 222 1982 ¹⁶)
247 1940 460 1974 Octavianus
487 1941 572 1980 ipse.
616 1939 704 1971 Vell.
728 1940 768 1976 2,
792 1939 854 1976 65,
886 1940 917 1970 2:
963 1938 1179 1969 Salvidienus
1202 1937 1309 1969 Rufus

219 1982 248 2016 v
1436 1940 1562 1981 habuit,
1589 1942 1706 1984 insigni
1731 1941 1969 1983 tranquillitate
1992 1941 2089 1973 vitae·
2106 1939 2205 1973 nulli's
2228 1939 2277 1972 rei
2297 1937 2451 1982 publicae
2475 1944 2529 1967 ne·

252 1982 307 2017 ell.
330 1981 362 2024 2,
385 1982 439 2023 76,
461 1984 497 2016 4·

1435 1984 1533 2027 gotiis
1556 1985 1744 2028 permixtos
1755 1989 1788 2017 “-

179 2052 223 2092 1ὓ)
246 2050 340 2081 Suet.
364 2048 460 2080 caes.
484 2046 535 2079 52·
549 2056 673 2087 „quae
691 2047 778 2077 scire
798 2045 835 2077 C,
858 2044 1003 2076 Matium
1026 2049 1059 2076 et
1084 2044 1121 2076 G.
1147 2043 1307 2086 Oppium,

220 2091 433 2135 reliquosque
457 2088 612 2122 Caesaris
633 2088 801 2121 amicos‘fi

180 2163 225 2204 ²⁷)
248 2160 318 2194 cic.
341 2160 386 2192 ad
409 2159 486 2192 sasn-
509 2159 542 2197 6,
563 2157 596 2196 8,
618 2159 646 2191 l.
692 2156 988 2197 ‚,Perspexeram‚
1012 2164 1098 2196 quae
1120 2152 1250 2186 Balbus
1272 2159 1307 2186 et

220 2203 353 2248 Oppius
368 2203 507 2236 absente
520 2200 839 2244 Caesareegissent,
857 2209 898 2232 ea
913 2198 1022 2231 solere
1041 2197 1094 2231 illi'
1102 2202 1175 2231 rata
1191 2200 1304 2230 esse“.

219 2248 261 2279 cs.
286 2248 330 2279 ib.
359 2249 412 2280 12.
442 2248 473 2278 2.
521 2245 574 2282 19,
595 2246 626 2276 2.
671 2243 803 2281 Verba,
834 2242 952 2283 quibus
975 2251 1053 2272 usus
1076 2251 1167 2280 sum,
1200 2240 1306 2271 Taciti

218 2294 295 2324 sunt
317 2288 404 2323 Anu.
430 2287 482 2329 122,
503 2286 556 2321 60.

180 2361 223 2403 ¹⁸)
249 2361 416 2393 Accurate
445 2358 497 2390 de—
520 2356 586 2390 hoc
617 2356 688 2400 egit
713 2353 861 2389 Leutsch
892 2354 926 2387 in
956 2351 1121 2386 Zeitschr.
1152 2351 1175 2385 f.
1198 2352 1306 2386 Alter·

221 2403 374 2436 tltumsw.
401 2403 485 2437 1834
507 2412 541 2444 p.
568 2401 629 2435 164
653 2410 727 2442 sqq.

183 2475 231 2514 w)-
251 2473 324 2505 mo-
340 2473 394 2512 54,
416 2471 470 2506 23.

180 2538 224 2579 ²⁰)
248 2536 327 2570 Tac.
351 2536 373 2569 l.
396 2535 419 2569 l.

181 2603 225 2645 ²¹)
248 2601 327 2633 Tac.
351 2601 437 2632 Ann-
461 2602 493 2640 4,
516 2598 569 2633 39.
616 2597 736 2630 Seiani·
754 2608 809 2640 ep.
833 2597 883 2629 ad'
898 2595 1028 2628 Tibera
1055 2593 1131 2635 „Et
1154 2594 1315 2636 quoniam

220 2645 374 2683 audierit,
399 2643 580 2686 Augustum
603 2642 637 2673 iu
660 2641 861 2673 collocanda
878 2638 950 2672 filia
972 2637 1122 2671 nonnihil
1145 2637 1242 2670 etiam
1266 2636 1309 2668 de

221 2688 389 2731 equitibus
411 2685 574 2719 Romanis
597 2685 859 2724 consultavisse‚
891 2684 955 2722 ita,
979 2683 1006 2714 si
1031 2680 1167 2714 maritus
1189 2680 1308 2713 Liviae

222 2733 459 2772 quaereretur,
490 2729 629 2761 baberet
651 2729 684 2760 in
707 2728 837 2766 animo,
867 2726 1008 2757 amicum
1032 2724 1105 2756 sola
1128 2722 1309 2755 necessitu-

221 2774 308 2806 dinis
331 2772 439 2816 glorio
461 2774 627 2804 usurum“.
665 2770 702 2802 ib·
733 2770 785 2804 40.
819 2769 889 2810 „At
905 2768 996 2801 enim*
1012 2768 1181 2810 Augustus
1203 2764 1308 2798 tiliam

220 2828 314 2849 suam
337 2816 438 2858 equiti
455 2816 609 2847 Romano
633 2814 774 2846 tradere·
790 2813 968 2844 meditatus
991 2816 1050 2842 est.
1086 2810 1212 2841 Mirum
1236 2808 1307 2839 her-

222 2861 307 2899 cule,
327 2860 366 2899 si,
387 2869 460 2890 cum
477 2859 510 2890 in
528 2868 646 2890 omnes
664 2867 762 2888 curas
777 2854 1031 2893 distraheretur,
1049 2854 1309 2892 immensumque

221 2903 328 2935 attolli
361 2901 575 2946 provideret,
611 2911 709 2943 quem
740 2898 974 2932 coniunctione
1004 2896 1063 2929 tali
1093 2906 1195 2938 super
1225 2894 1308 2926 alios

221 2946 413 2986 extulisset,
449 2945 486 2978 C.
517 2944 731 2977 Proculeium
767 2948 804 2974 et
836 2940 1001 2984 quosdam
1032 2940 1068 2971 iu
1099 2937 1308 2971 sermonibus

1393 2048 1439 2087 ²²),
1458 2047 1564 2080 Pedo.
1579 2048 1735 2081 Albinov.
1761 2049 1846 2093 eleg.
1869 2045 1903 2081 in
1928 2048 2008 2082 obit.
2053 2047 2211 2080 Maecen-
2239 2048 2289 2080 14.

1391 2106 1435 2145 ²³)
1459 2105 1565 2147 Prop-
1590 2108 1621 2144 2,
1647 2109 1683 2145 Ι,
1699 2108 1753 2140 36.

1391 2162 1435 2204 2⁴)
1458 2161 1526 2194 nto
1550 2163 1603 2204 55,
1628 2165 1659 2198 7.

1391 2221 1679 2297 ²⁵)4Vgll.22,2388,
1702 2224 1746 2298 ΞΟ
1768 2222 1938 2264 Porphyr-
1961 2221 2011 2252 ad'
2029 2220 2111 2251 Hot-
2125 2218 2194 2252 Od.
2221 2219 2257 2258 1,
2273 2218 2329 2258 20,
2352 2219 2384 2249 5.
2422 2217 2528 2260 Prop-

1454 2287 1464 2303 ‚
1511 2287 1520 2303 ,
1567 2286 1576 2296 .
1650 2282 1696 2289 —
1747 2288 1758 2297 .

1391 2328 1435 2370 ²⁸)
1458 2326 1537 2359 Tac.
1560 2328 1647 2361 Anu.
1671 2330 1703 2368 3„
1728 2329 1781 2361 30.

1392 2391 1645 2469 ²⁷)effaetgngpn.
1672 2392 1724 2434 16,
1749 2392 1801 2426 17.
1858 2392 1902 2425 cs.
1932 2393 2027 2425 Suet.
2059 2391 2175 2426 Contr.
2208 2392 2230 2425 2
2262 2389 2369 2434 praef.
2401 2400 2434 2433 p.
2470 2390 2530 2423 145

1392 2502 1434 2543 2Θ)
1457 2498 1536 2531 Tac.
1561 2500 1645 2532 Anu*
1674 2500 1705 2539 2,
1728 2498 1781 2531 28.

1321 2571 1323 2573 ’
1361 2569 1363 2571 “
1392 2566 1436 2607 2²⁹)
1459 2564 1537 2596 Tae.
1562 2564 1594 2597 Η
1627 2567 1667 2604 2,
1690 2565 1752 2598 86:
1784 2563 1855 2595 Sed
1886 2568 2091 2606 procurator
2117 2562 2235 2594 aderat
2269 2560 2443 2593 Cornelius
2467 2559 2530 2592 Fu-

1431 2619 1526 2645 scus,
1562 2608 1680 2651 vigens
1715 2612 1846 2647 aetate,
1882 2607 1981 2639 claris
2016 2605 2195 2638 natalibus.
2250 2604 2363 2637 Prinna
2394 2604 2531 2635 iuventa

1432 2651 1734 2728 :ip-{osetizcupgdigg
1757 2652 1964 2683 senatorium
1987 2649 2141 2682 ordinem
2165 2654 2312 2681 exinerat.
2358 2647 2400 2678 cs.
2425 2645 2530 2679 Oviu.

1525 2718 1533 2725 .
1580 2718 1589 2733 ‚
1658 2719 1667 2734 ,
1737 2717 1745 2725 .

1391 2759 1436 2802 ³⁰)
1460 2758 1548 2791 Plin.
1574 2768 1650 2801 epp.
1678 2758 1707 2799 1,
1735 2760 1788 2798 u,
1813 2760 1844 2792 4·-

1391 2819 1436 2859 θ’)
1459 2816 1527 2848 Dio
1550 2817 1605 2856 67,
1632 2818 1683 2850 13.

1391 2878 1441 2917 ³2)
1457 2874 1625 2917 Pompon.
1651 2874 1694 2916 de
1718 2875 1802 2918 orig.
1829 2873 1890 2907 lur.
1916 2873 1960 2906 D.
1990 2875 2073 2914 1,.2,
2097 2874 2117 2906 2
2141 2873 2166 2914 ,ξ
2192 2872 2245 2904 4ΐ.

1392 2936 1434 2977 ³³)
1459 2933 1502 2967 cs.
1526 2939 1612 2967 nott.
1640 2933 1690 2966 11..
1718 2935 1770 2967 lz'..
