2720 3402
142 280 281 311 scena
313 259 543 324 arenaque
577 263 909 320 commaculati,
937 264 992 326 ¹⁴)
1025 282 1117 313 non
1150 266 1288 313 modo
1322 266 1497 313 frustra
1529 265 1865 312 coercebantur
1895 264 2139 311 acerrimis
2169 264 2378 325 legibus,
2412 264 2497 310 sed

141 335 383 398 quominus
429 336 476 384 in
520 351 666 399 opera
707 352 874 384 scenae
917 352 1172 401 arenaeque
1216 339 1398 386 edenda
1430 338 1555 385 SCto
1598 344 1893 397 tenerentur,
1938 335 2107 384 famosi
2142 335 2295 383 iudicii
2341 344 2496 384 notam

141 417 308 471 sponte
342 410 571 454 subibant.
593 411 648 471 ¹⁵)
714 411 810 454 Iam
845 412 929 454 sub
962 412 1172 474 Augusto
1205 413 1339 474 legis,
1374 426 1509 471 quam
1542 410 1651 475 ipse*
1680 412 1887 467 dederat,
1921 411 1994 454 vis
2028 411 2161 472 elusa
2195 416 2292 453 est:
2320 411 2376 470 ¹⁰)
2409 411 2495 453 sub

141 480 358 538 Tiberio,
386 481 442 543 ¹²)
485 482 721 543 Caligula,
749 480 805 542 ¹¹⁵)
849 483 1065 540 Claudio,
1094 484 1148 545 ¹⁹)
1190 485 1406 538 Nerone,
1429 482 1490 542 ²⁰)
1528 483 1816 528 saltaverunt
1848 483 2030 543 equites
2062 481 2263 529 Romani
2298 482 2377 528 vel
2408 498 2496 542 pu-

139 550 412 615 gnaverunt.
478 553 576 601 Sub
608 553 803 601 Vitellio
847 560 1132 618 postremum
1164 557 1280 603 haec
1310 553 1502 603 infamia
1545 553 1650 616 lege
1683 553 1942 616 prohibitaz
1964 554 2025 617 ²¹)
2069 561 2234 618 postea
2267 552 2498 601 eiusmodi

139 626 269 686 leges
312 627 419 671 data
460 642 554 672 non
594 627 811 672 invenio:
856 643 948 672 non
981 630 1111 689 quasi
1142 627 1325 673 Vitellii
1367 629 1449 671 lex
1493 625 1767 683 obtinuerit,
1817 628 1902 671 sed
1935 643 1992 672 eo
2034 627 2282 672 dedecoris
2322 641 2503 688 pene-¹

138 703 271 742 nerat
302 703 428 743 totus
463 698 602 754 ordo,
634 704 688 744 ut
718 699 928 745 revocari
961 701 1019 746 ad
1052 701 1353 762 splendorem
1384 704 1594 743 veterem
1628 697 1820 758 nequire
1854 698 1945 743 iam
1978 698 2230 744 videretur.

343 769 389 815 2.
438 770 602 831 Neque
645 777 799 819 tamen
836 772 1065 834 ¹splendor
1107 771 1285 819 ordinis
1327 770 1459 833 prius
1503 769 1716 827 evanuit,
1762 785 1902 831 quam
1930 770 2056 817 vires
2100 772 2273 817 fractae
2316 777 2490 817 essent.

137 841 271 903 Quae
304 856 442 903 quum
477 843 677 890 fuissent
718 843 827 891 olim
858 844 904 891 in
939 844 1238 892 societatibus
1271 843 1647 907 publicanorum,
1692 842 1770 904 qui
1804 850 1852 889 et
1885 850 2187 904 regnaverant
2218 843 2265 889 in
2298 843 2490 905 provin-

137 913 222 959 ciis
256 922 304 961 et
333 915 382 962 in
414 918 529 963 urbe
557 923 772 978 potentes
804 917 1001 976 fuerant,
1032 918 1273 964 immutata
1298 918 1384 962 sub
1411 916 1772 978 imperatoribus
1801 915 2098 977 vectigalium
2127 916 2382 971 exactione,
2416 916 2488 961 in-

135 986 286 1048 telligi
327 994 506 1049 potest,
556 995 771 1050 quantum
813 989 1016 1037 minutae
1059 990 1249 1036 fuerint.
1329 988 1403 1034 De
1448 1004 1537 1049 qua
1578 989 1834 1034 mutatione
1877 988 2035 1034 dicere
2083 981 2354 1049 impeditum
2403 996 2489 1043 est,

136 1074 275 1118 quum
317 1076 467 1120 neque
511 1062 568 1106 ad
601 1077 736 1120 quem
770 1078 825 1107 ea
858 1069 1090 1108 auctorem
1126 1062 1188 1107 sit
1219 1061 1491 1116 referenda,
1537 1077 1688 1120 neque
1723 1061 1889 1121 quibus
1922 1061 2093 1106 finibus
2127 1060 2488 1119 circumscripta,

134 1146 285 1191 neque
327 1148 417 1193 quo
460 1139 670 1195 tempore
710 1132 923 1181 instituta
965 1133 1132 1190 fuerit,
1179 1131 1430 1179 memoriae
1471 1131 1707 1194 proditum
1750 1132 2081 1194 acceperimus.
2157 1132 2275 1178 Nam
2310 1130 2490 1177 Tiberii

134 1209 286 1250 aetate
341 1205 613 1261 „frumenta
661 1211 709 1250 et
755 1205 984 1266 pecuniae
1032 1204 1310 1265 vectigales,
1364 1210 1520 1249 cetera
1568 1204 1857 1265 publicorum
1907 1206 2137 1251 fructuum
2188 1204 2490 1258 societatibus

135 1276 338 1335 equitum
355 1276 684 1330 Romanorum,
718 1281 770 1320 ut
802 1282 951 1332 antea,
985 1276 1332 1338 agitabantur&
1352 1275 1424 1335 ²²)
1459 1276 1649 1320 eaedem
1684 1278 1769 1319 sub
1789 1276 2058 1338 Nerone,²³)
2091 1278 2314 1337 quaedam
2349 1276 2488 1321 etiam

134 1348 219 1392 sub
252 1347 544 1408 Vespasiano
578 1348 829 1394 exstiteret
851 1348 912 1409 ²⁴)
946 1349 1031 1394 sed
1062 1347 1171 1393 inde
1204 1350 1261 1393 ab
1293 1346 1561 1403 Hadriano,
1605 1355 1657 1393 ut
1688 1347 1899 1404 videtur,
1941 1349 2323 1404 decumanorum,
2357 1349 2488 1409 prin-

134 1418 287 1481 cipum
319 1419 505 1465 illorum
538 1419 724 1481 quidem
758 1425 806 1466 et
838 1419 968 1481 quasi
1002 1426 1284 1476 senatorum,
1316 1425 1370 1465 ut
1402 1418 1566 1466 Cicero
1600 1418 1688 1475 ait,
1722 1419 1845 1466 inter
1876 1420 2249 1483 publicanos,²⁵)
2282 1421 2486 1481 itemque

134 1493 514 1555 scriptuariorum
565 1508 735 1540 nomen
787 1492 1042 1539 abolitum:
1068 1492 1129 1554 ²¹³)
1195 1491 1417 1538 frumenti
1468 1492 1791 1554 pecudumque
1843 1493 2026 1539 exactio
2079 1494 2137 1540 ad
2191 1494 2485 1555 magistratus

132 1566 353 1626 quosdam
394 1581 543 1613 novos
584 1565 830 1622 translata,
880 1566 966 1611 sub
1010 1579 1205 1626 quorum
1247 1563 1554 1626 dispositione
1604 1564 1841 1612 constituti
1889 1572 1998 1612 sunt
2040 1565 2355 1622 frumentarii,
2402 1580 2487 1626 pe-

132 1638 298 1696 cuarii,
332 1633 498 1695 suarii,
533 1638 611 1700 qui
644 1637 889 1696 frumenti,
922 1637 1178 1701 pecudum,
1212 1637 1334 1694 vini,
1375 1637 1469 1683 olei
1501 1637 1749 1699 vectigalia
1780 1653 1868 1701 per
1899 1637 2165 1700 provincias
2198 1639 2489 1699 colligerent.

131 1711 357 1772 Reliquae
400 1713 648 1756 societates
689 1712 942 1772 pleraeque
985 1712 1074 1755 sub
1112 1710 1472 1772 imperatoribus
1505 1711 1760 1766 duravere,
1810 1714 2073 1772 multaeque
2107 1713 2166 1756 de
2199 1711 2258 1756 iis
2300 1719 2487 1756 exstant

130 1784 260 1843 leges
292 1784 646 1844 imperatorum,
688 1783 737 1828 in
769 1784 935 1843 quibus
968 1790 1123 1829 tamen
1155 1776 1547 1829 nulla'memoria
1580 1782 1800 1841 equitum.
1865 1783 2094 1830 Nimirum
2128 1782 2391 1844 paullatim,
2433 1789 2485 1828 ut

129 1871 320 1912 census,
361 1855 434 1902 ius
468 1854 594 1901 anuli
626 1854 769 1912 aurei,
804 1853 960 1902 officia
992 1854 1221 1915 equitum,
1270 1853 1337 1901 sic
1368 1854 1669 1917 privilegium
1702 1855 1975 1904 societatum
2008 1872 2110 1904 cum
2144 1854 2373 1903 libertinis
2407 1871 2483 1902 ce-

128 1927 332 1989 terisque
366 1927 544 1974 civibus
577 1926 960 1975 communicatum
992 1933 1107 1973 erat.

134 2157 176 2197 ¹⁴)
201 2154 270 2187 Dio
292 2155 346 2194 54,
369 2153 402 2187 2.
447 2155 540 2188 Suet.
565 2153 643 2188 Oct.
668 2155 733 2188 43:
1092 2182 1095 2183 γ
1384 2155 1563 2197 μίσθησαν,
1586 2156 1795 2198 συνεχωρήθη
1819 2156 1915 2187 τοῦτο’
1933 2165 2028 2198 σφισι
2043 2158 2158 2188 ποιεῖν.
2193 2156 2264 2188 Καὶ
2279 2154 2380 2189 οὕτως
2403 2154 2475 2186 ἀντὶ

132 2202 174 2241 ¹³)
197 2201 292 2231 Suet.
316 2198 387 2231 Tib.
411 2198 464 2230 35.
509 2200 630 2232 Senec.
655 2197 817 2230 Controv-
845 2196 874 2237 1,
899 2199 928 2237 1,
952 2209 984 2240 p.
1006 2195 1050 2230 66
1072 2195 1126 2229 ed.
1151 2196 1257 2229 Amst.
1384 2198 1438 2237 τῆς
1467 2199 1599 2240 ἀτιμίας
1629 2201 1778 2230 θάνατον
1809 2200 2024 2240 ὠφλίσκανον.
2070 2200 2166 2231 οὐδὲν
2188 2200 2254 2244 γάρ
2278 2195 2372 2239 ἧπον
2397 2200 2474 2241 ἐμο-

169 2241 350 2283 „Torpent
372 2251 457 2273 ecce
477 2242 608 2273 incenia
631 2241 823 2273 desidiosae
845 2240 1047 2280 iuventutis,
1070 2249 1132 2271 nec
1156 2240 1188 2270 in
1212 2239 1257 2270 ul—
1381 2241 1559 2281 νομτίχουν,
1581 2242 1637 2271 καὶ
1656 2242 1792 2283 pacato&
1816 2242 1865 2274 ὅτι
1890 2243 2005 2276 δεινῶς
2027 2243 2061 2274 οἱ
2083 2243 2210 2285 ἀγῶνες
2231 2243 2336 2274 αὐτῶν
2359 2243 2474 2273 ἐσπου-

169 2284 233 2317 lius
256 2283 419 2316 honestae
449 2284 499 2316 rei
512 2266 640 2317 'labore
662 2283 829 2327 vigilatur.
862 2302 900 2307 —
949 2282 1113 2316 cantandi
1135 2281 1257 2315 sanan-
1381 2282 1527 2319 δάζοντο.

170 2328 269 2369 dique
285 2337 372 2359 nunc
389 2327 560 2365 obscoena
577 2327 687 2360 studia
700 2326 905 2365 effeminatos
921 2329 1070 2359 tenent“.
1096 2329 1129 2358 et
1142 2336 1173 2367 q.
1187 2335 1255 2366 seq.
1343 2326 1385 2366 ῃ)
1409 2323 1476 2357 Dio
1498 2324 1554 2364 57,
1581 2323 1629 2358 12
1657 2325 1708 2358 14.

169 2371 291 2402 Senec.
314 2369 361 2401 de
381 2369 513 2412 provid.
538 2371 578 2403 2:
609 2369 748 2410 „Nobis
770 2368 933 2401 interdum
956 2368 1121 2410 voluptati
1144 2372 1207 2407 est,
1229 2368 1257 2399 si
1342 2368 1386 2409 ¹⁰)
1408 2366 1452 2397 id.
1478 2368 1532 2405 59,
1561 2366 1608 2399 lo.

169 2412 371 2446 adolescens
402 2413 588 2446 constantis
618 2413 718 2446 animi
747 2412 926 2446 irruentem
953 2412 1056 2446 feram
1088 2410 1255 2445 venabulo
1342 2412 1383 2453 Ν)
1406 2409 1450 2443 id.
1474 2410 1528 2450 60,
1552 2411 1581 2444 7.

169 2457 314 2499 excepit,
331 2457 360 2488 si
371 2456 488 2489 leones
502 2457 667 2489 incursum
684 2456 851 2489 interritus
869 2455 1020 2498 pertulit:
1044 2460 1257 2497 tantoque
1338 2456 1382 2497 ²⁰)
1406 2453 1450 2484 id.
1473 2454 1537 2492 61,
1567 2452 1599 2484 9.
1637 2455 1685 2486 17-
1743 2453 1823 2486 Tac.
1854 2455 1942 2486 Ann.
1978 2454 2039 2495 14,
2077 2455 2127 2490 14.
2162 2455 2217 2487 20.
2275 2455 2315 2487 n.
2345 2456 2386 2494 3,
2420 2454 2474 2487 6-2.

168 2500 474 2544 spectaculum
509 2505 576 2533 est
611 2500 801 2544 gratius,
842 2505 1008 2542 quanto
1041 2498 1085 2532 id
1120 2497 1253 2532 hone·
1378 2497 1471 2530 Suet.
1494 2495 1579 2530 Ner.
1603 2497 1635 2529 4.
1663 2498 1711 2532 12.

167 2545 284 2575 stior
313 2543 465 2575 secit“.
520 2546 641 2576 Senec.
674 2544 771 2586 epist.
797 2543 859 2574 99:
891 2544 1073 2586 „Adspice
1103 2542 1178 2574 illos
1207 2542 1253 2572 iu·
1337 2542 1381 2582 ²¹)
1408 2540 1473 2571 Dio
1495 2542 1549 2579 65,
1571 2541 1602 2573 6·
1650 2541 1731 2571 Tac.
1755 2541 1842 2572 Anu.
1867 2540 1900 2580 2,
1923 2541 1979 2573 62.

166 2597 292 2627 venes,
322 2597 407 2629 quos
430 2596 471 2620 ex
496 2586 709 2620 nobilissimis
732 2585 887 2620 domibus
909 2587 950 2621 in
980 2595 1158 2621 arenam
1188 2583 1252 2617 lu·
1335 2585 1380 2627 ²²)
1403 2581 1481 2616 Tac.
1505 2583 1593 2616 Ann-
1617 2583 1650 2624 4,
1672 2584 1704 2619 6.

166 2641 219 2662 ιιι
229 2631 291 2661 ria
313 2630 523 2672 proiecit,
558 2631 700 2671 adspice
720 2629 817 2668 mos,
850 2630 908 2671 qui
929 2641 1023 2663 suam
1044 2629 1253 2670 alienamque
1335 2629 1379 2668 ²³)
1401 2626 1446 2658 id.
1471 2626 1514 2657 ib.
1541 2627 1593 2665 13,
1616 2627 1669 2659 502
1715 2628 1839 2660 Senec-
1864 2638 1919 2669 ep.
1946 2629 2019 2662 119.
2047 2628 2120 2662 1⁴20.

166 2671 332 2707 libidinem
357 2676 557 2708 exercent“.
605 2677 638 2706 et
661 2682 691 2716 q.
717 2683 745 2707 s.
1334 2670 1381 2713 ²⁴)
1401 2669 1495 2705 Suet.
1520 2668 1624 2714 Vesp.
1658 2671 1687 2706 1.

127 2719 168 2758 ¹⁶)
195 2717 260 2748 Dio
273 2718 328 2755 56,
342 2716 391 2747 25.
433 2718 506 2749 Καὶ
523 2720 591 2750 τοῖς
612 2718 772 2753 ἱππεῦσιν,
796 2716 817 2747 ὅ
837 2717 894 2747 καὶ
915 2719 1116 2758 θαυμάσειεν
1136 2716 1182 2747 ἄν
1193 2726 1249 2752 τις,
1333 2717 1377 2753 ²⁵)
1399 2713 1469 2744 cic.
1494 2713 1590 2745 Vei-r.
1615 2714 1648 2753 2,
1669 2716 1703 2752 2,
1732 2716 1785 2752 71,
1811 2715 1883 2746 175.

163 2761 371 2806 μηνομαχεῖν
400 2760 570 2805 ἐπετράπη.
614 2759 722 2792 αἴτιον
748 2758 805 2798 δὲ,
837 2757 886 2791 ὅτι
909 2759 944 2791 ἐν
975 2760 1135 2805 ὀλιγωρίᾳ
1166 2757 1249 2793 τινὲς
1333 2757 1379 2799 ²⁸)
1401 2754 1526 2792 Qui-in
1548 2755 1822 2801 inscriptionibus
1845 2756 2001 2801 leguntur
2024 2755 2217 2796 donimani,
2247 2754 2370 2788 milites
2392 2762 2471 2790 sum

165 2806 220 2842 τήν
242 2806 378 2845 dupin?
396 2805 453 2843 τήν
475 2805 525 2835 ἐπ’
547 2803 632 2844 αὐτῷ
653 2804 857 2844 ἐπικειμένην
879 2804 1068 2833 ἐποιοῦντο·
1092 2803 1160 2833 ἐπεῖ
1181 2802 1246 2843 γάρ
1370 2799 1434 2840 leg.
1459 2799 1502 2830 Χ.
1544 2810 1578 2830 v.
1604 2799 1713 2832 Orell-
1739 2801 1843 2832 inser.
1868 2801 1999 2833 nms73.
2047 2802 2200 2832 Ceterum
2225 2811 2258 2830 v.
2284 2799 2400 2831 Burin
2427 2801 2470 2830 de

162 2846 234 2890 μηι”
268 2845 383 2889 ὄφελός
417 2858 447 2880 τι
479 2845 533 2887 τῆς
565 2843 777 2890 ἀπορῤἠσεως
806 2845 975 2888 lyiymo,
1009 2845 1066 2877 xm*
1088 2845 1247 2889 τιμωρίας
1370 2840 1501 2885 Vectig.
1532 2852 1565 2884 p.
1592 2841 1652 2875 141
1677 2853 1751 2886 sqq.
1798 2841 2013 2876 Bouclnaudii
2043 2841 2314 2876 dissertationem
2337 2841 2467 2886 (Mem.

161 2891 313 2931 μείζονος
342 2890 428 2928 ἄξιοι
450 2891 534 2924 εἶναι
556 2890 708 2927 ἐδόκουν,
741 2887 764 2927 ἢ
783 2889 840 2920 καὶ
862 2888 1153 2933 ἀποτρωιιίσεσθαι
1174 2891 1246 2922 ἐνο-
1370 2885 1414 2918 de
1436 2884 1567 2918 PAcad.
1591 2885 1657 2919 des
1678 2886 1782 2919 lnscr.
1807 2887 1884 2918 vul.
1910 2885 2101 2927 xxxvm)
2126 2896 2194 2917 nou
2218 2885 2299 2918 vidi.
