2720 3402
171 303 361 336 sensum
403 293 453 335 et
493 288 909 350 reprehensionem
952 305 979 335 a
1022 288 1251 336 Cicerone
1296 286 1517 333 Africano
1559 286 1778 333 tributam
1819 303 1939 333 esse.
1968 285 2000 347 ¹)
2066 283 2326 331 Utilitatem
2367 285 2522 325 amem

170 367 386 421 quantam
420 376 526 407 esse
558 359 609 406 in
641 359 900 407 coniunctis
935 361 1142 423 equitum
1175 365 1531 423 senatorumque
1562 358 1798 421 suffragiis
1825 357 2060 421 putaverit
2085 355 2268 411 Cicero,
2301 369 2328 400 e
2361 349 2521 399 multis

169 432 286 478 locis
317 438 526 497 apparet,
560 432 728 494 quibus
754 433 1156 481 reconciliatorum
1184 432 1308 479 inter
1332 446 1389 478 se
1421 430 1633 479 ordinum
1657 447 1712 478 se
1737 430 1840 494 ipse
1868 437 2102 478 auctorem
2128 427 2258 484 dicit,
2292 426 2520 486 docetque

170 507 466 565 sequentium
509 506 705 550 historia
735 513 1020 569 temporum3
1065 507 1233 567 quibus
1266 510 1421 550 autem
1462 504 1522 548 de
1557 504 1741 549 'caussis
1782 504 1956 548 utilitas
1998 503 2079 548 illa
2118 502 2302 547 sublata
2334 498 2421 555 sit,
2462 511 2521 542 ne

170 576 437 623 coniectura
481 578 668 636 quidem
707 585 834 624 certa
876 579 1061 638 assequi
1093 579 1219 623 licet.
1283 578 1395 622 Hoc
1425 581 1581 621 tamen
1623 583 1841 636 apparet,
1883 591 2051 635 equum
2082 574 2316 635 publicum
2329 606 2342 627 ,
2383 584 2523 630 quem

167 648 373 694 retinere
407 649 654 710 oportebat
686 666 783 707 eos,
817 650 896 711 qui
921 656 1061 713 'erant
1092 650 1142 696 in
1174 648 1401 696 centuriis
1432 648 1654 708 equitum,
1676 648 1714 710 ²)
1747 647 1990 708 equitibus.
2011 646 2142 707 oneri
2173 646 2344 701 fuisse,
2379 655 2524 705 quare

167 727 216 767 et
247 720 466 777 Aebutio,
500 715 856 769 Bacchanalium
889 723 1053 779 indici,
1087 722 1285 784 praemii
1316 723 1421 767 loco
1453 721 1613 766 datum
1647 721 1924 782 accepimus,
1958 736 2047 774 „ne
2079 718 2252 763 invitus
2285 717 2522 768 militaret,
2588 770 2591 774 ἱ

165 794 288 839 ne've
320 807 488 840 censor
530 793 574 841 ei
615 809 784 855 equum
816 794 1052 858 publicum
1087 795 1372 860 assignaret,
1395 791 1433 855 3)
1477 799 1526 840 et
1558 794 1615 840 ab
1648 793 1861 854 Augusto
1893 791 2128 838 nonnullis
2160 789 2375 836 beneficii
2414 788 2521 834 loco

163 864 395 912 reddendi
429 867 535 929 equi
566 866 705 914 venia
736 867 844 914 data
876 874 965 915 est.-
980 868 1017 931 ⁴)
1078 868 1218 932 Quod
1252 883 1368 916 onus
1401 865 1643 914 difficilius
1677 882 1759 914 eos
1794 865 1959 913 tulisse
1992 878 2189 912 necesse
2221 869 2308 920 est,
2341 860 2521 923 quibus,

165 940 234 985 ad'
266 940 483 986 altiorem
526 947 605 985 aut
645 933 941 1001 magistratus
985 949 1065 988 aut
1106 949 1296 988 senatus
1339 943 1566 987 honorem
1608 941 1870 1001 provectis,
1914 954 2062 999 equus
2104 936 2296 983 honoris
2337 934 2520 995 insigne

165 1028 270 1059 esse
304 1011 531 1070 desierat,
575 1029 712 1074 quam
745 1011 828 1071 iia,
872 1014 951 1076 qui
983 1014 1034 1061 in
1067 1015 1293 1078 dignitate
1327 1013 1534 1077 equestri
1566 1020 1876 1060 remanerent.
1942 1015 2067 1059 Aena
2101 1009 2339 1072 equestria
2370 1014 2524 1054 autem

163 1085 347 1147 utrique
380 1087 556 1132 frustra
587 1086 899 1148 accipiebant,
946 1104 1063 1148 quae
1097 1089 1156 1134 ad
1188 1104 1271 1135 eos
1302 1086 1550 1134 transferri
1582 1086 1755 1133 iustum
1791 1092 1914 1143 erat,
1956 1085 2060 1146 qui,
2110 1084 2219 1146 quia
2250 1081 2524 1135 militabant,

163 1158 401 1221 digniores
434 1158 530 1205 illis
564 1174 654 1220 ope
688 1157 876 1223 publica
907 1167 1054 1208 erant.
1118 1159 1253 1222 Quae
1285 1174 1425 1220 quum
1457 1158 1525 1205 ita
1555 1160 1674 1217 sint,
1708 1160 1826 1206 duae
1860 1158 2157 1221 quaestiones
2191 1156 2420 1210 oriuntur,
2453 1152 2522 1198 al·

163 1238 279 1288 tera,
312 1239 468 1277 utrum
500 1232 617 1275 haec
648 1230 835 1292 largitio
869 1247 1094 1292 equorum
1126 1232 1471 1278 reddendorum
1503 1232 1562 1277 ad
1595 1238 1836 1278 senatores
1869 1232 2011 1288 solos,
2046 1247 2104 1277 an
2137 1231 2196 1277 ad
2227 1242 2407 1282 omne8‚
2440 1222 2521 1285 qui

165 1319 310 1348 anuos
344 1303 479 1348 XLV
512 1302 836 1361 expleverint,
871 1304 1127 1364 decemque
1158 1303 1395 1365 stipendia
1427 1303 1651 1358 fecerint,
1674 1304 1711 1364 ⁸)
1744 1304 1924 1364 equites
1957 1304 2020 1348 sit
2049 1303 2322 1356 referenda,
2356 1301 2520 1352 altera,

164 1389 274 1420 num
307 1374 423 1420 haec
456 1388 538 1419 res
572 1373 631 1419 ad
663 1388 767 1419 eam
808 1374 1101 1422 comitiorum
1143 1375 1507 1421 centuriatorum
1539 1375 1842 1422 mutationem
1872 1375 2127 1436 pertineat,
2168 1391 2303 1435 quam
2335 1371 2515 1417 incerto

164 1453 377 1508 tempore
421 1446 590 1492 factam
624 1461 731 1492 esse
764 1446 950 1493 scimus.
974 1447 1011 1510 ⁶)
1076 1449 1146 1494 Ac
1178 1447 1513 1494 Ciceronianus
1546 1447 1732 1509 quidem
1765 1447 1846 1494 ille
1878 1447 2063 1511 Scipio,
2107 1449 2316 1508 quamvis
2351 1444 2410 1490 de
2442 1458 2521 1487 se-

164 1519 404 1565 natoribus
438 1520 677 1579 loquatur,
719 1525 878 1565 tamen
918 1520 977 1566 iis
1019 1520 1179 1567 verbis
1212 1521 1385 1578 utitur,
1434 1536 1552 1582 quae
1585 1522 1777 1567 alteram
1821 1520 2181 1582 explicationem
2223 1534 2318 1575 non
2358 1516 2521 1562 exclu-

163 1593 290 1649 dant,
317 1591 351 1653 ⁷)
384 1598 433 1638 et
459 1590 700 1637 Ciceronis
734 1599 886 1640 aetate
919 1608 1014 1640 non
1046 1594 1185 1641 modo
1219 1609 1317 1651 eos,
1351 1593 1430 1655 qui
1463 1594 1640 1641 exactis
1674 1593 1921 1657 stipendiis
1955 1592 2249 1655 equestribus
2281 1593 2524 1637 senatores

163 1666 365 1721 fiebant,
388 1664 426 1726 ⁸)
469 1678 640 1725 equum
673 1666 962 1723 reddidisse,
1006 1669 1092 1714 sed
1125 1668 1312 1714 omnino
1344 1667 1395 1713 in
1424 1667 1650 1714 centuriis
1684 1668 1891 1729 equitum
1922 1666 2130 1713 iuniores
2162 1671 2340 1711 tantum
2373 1660 2523 1708 fuisse

164 1753 252 1800 pro
285 1744 416 1782 certo
449 1735 612 1782 haberi
644 1744 815 1799 potest.
841 1739 877 1802 ⁹)
947 1741 1110 1802 Itaque
1144 1740 1185 1785 si
1219 1741 1323 1803 quis
1356 1740 1631 1786 Ciceronem
1662 1741 1709 1787 h.
1742 1741 1773 1786 l.
1807 1746 2048 1786 senatores
2089 1739 2217 1785 solos
2256 1734 2522 1795 intelligere

164 1817 314 1871 putet,
348 1826 455 1856 eum
487 1810 647 1871 paullo
679 1818 791 1871 post
821 1811 888 1858 ita
918 1813 1167 1874 repetitam
1201 1830 1307 1859 esse
1341 1829 1443 1860 eam
1475 1815 1629 1874 legem
1657 1814 1926 1859 existimare
1952 1828 2146 1858 necesse
2180 1818 2268 1865 est,
2300 1817 2352 1854 ut
2383 1807 2524 1852 etiam

162 1889 346 1930 ceteros
391 1881 604 1929 seniores
650 1882 1053 1946 complecteretur.
1116 1886 1435 1934 Comitiorum'
1466 1893 1619 1933 autem
1661 1886 1879 1941 mutatio,
1925 1894 1977 1933 ut
2008 1886 2066 1932 ad
2108 1885 2292 1945 equites
2334 1879 2521 1929 omnino

163 1970 258 2001 non
288 1954 515 2017 pertinuit
554 1953 692 2016 (nam
724 1955 905 2016 equites
939 1973 1059 2019 equo
1091 1974 1139 2020 p.
1173 1958 1314 2005 etiam
1347 1958 1587 2005 Ciceronis
1619 1965 1832 2021 tempore
1876 1959 1924 2005 in
1957 1954 2054 2006 suis
2087 1956 2310 2004 centuriis
2343 1965 2519 2012 suoque

171 2143 198 2186 ¹)
221 2141 336 2175 Verba
357 2145 435 2175 sunt
457 2140 624 2195 Madvigii
646 2151 726 2184 opp.
749 2152 783 2185 p.
807 2142 860 2176 76.
1384 2145 1410 2187 ²)
1433 2142 1554 2177 Madv.
1577 2155 1610 2187 p.
1633 2145 1687 2179 81.

169 2184 335 2261 “)ιῖι”ἔὲ.“.““,.“,’
353 2184 703 2272 ὴῗέἓαῗωυὲᾞῗ
715 2186 1003 2263 minavit*
1021 2186 1305 2264 ΐῑιῗιὲῗῖεξίῗιζ
1381 2208 1411 2251 ⁸>
1422 2207 1790 2294 {ffug’fflvggggofg
1813 2204 2389 2294 ffiggstquffirgffiefssgffl
2418 2208 2521 2243 Μ’

209 2272 330 2305 oica-o
360 2277 530 2311 testatur,-
550 2273 623 2315 qui,
654 2283 755 2315 quum
787 2272 875 2305 Phil.
903 2275 945 2314 6,
975 2275 997 2306 5
1039 2272 1178 2306 dixisset
1201 2275 1305 2307 Anto·

209 2316 299 2348 nium
333 2314 376 2347 ab
407 2315 571 2357 equitibus
604 2325 694 2358 equo
725 2315 862 2359 publicu
891 2321 1072 2360 patronum
1100 2316 1304 2360 appellatum
1381 2318 1408 2361 ⁹)
1431 2315 1473 2349 V.
1501 2314 1590 2348 infra
1619 2314 1675 2348 lib.
1706 2315 1770 2355 111,
1802 2326 1832 2348 c.
1865 2316 1904 2356 3,
1934 2316 1961 2360 §-
1995 2318 2026 2352 3.
2071 2315 2193 2350 Madv.
2220 2326 2253 2359 p.
2277 2314 2332 2349 80.
2366 2311 2456 2346 Plut.
2480 2308 2517 2342 C-

210 2368 303 2398 esse,
333 2357 400 2391 alio
424 2358 501 2391 loco
524 2358 613 2392 Phil.
639 2361 680 2399 7,
703 2360 734 2393 6.
758 2359 899 2393 eundem
924 2360 1004 2392 dicit
1026 2364 1205 2403 patronum
1228 2372 1303 2394 cen·
1422 2357 1567 2392 Graccb.
1590 2360 1621 2393 2.
1666 2361 1902 2405 ἐστρατεῦσθαι
1922 2360 1990 2406 γάρ
2013 2363 2076 2403 ἔφη
2099 2361 2231 2393 δώδεκα
2253 2361 2306 2400 ἔτη
2328 2359 2393 2391 τῶν
2413 2355 2518 2388 ἄλλων

210 2402 370 2435 turiurum
404 2401 551 2444 equitum
574 2402 812 2435 Romanorum.
856 2403 898 2436 V.
922 2409 1028 2437 totum
1057 2402 1168 2436 locum
1197 2410 1231 2437 et
1259 2404 1302 2437 cs.
1421 2404 1501 2436 δέκα
1522 2405 1789 2449 στρατευομένων
1810 2405 1846 2435 ἓν
1867 2404 2040 2449 ἀνάγκαις.
2073 2403 2162 2437 Plut.
2178 2400 2337 2446 Pompej.
2352 2402 2405 2434 22.
2438 2401 2515 2449 ἴθι-νς

209 2444 367 2479 Marcelli
389 2444 435 2478 de
455 2444 534 2478 stilo
555 2444 654 2479 lmcr.
677 2444 713 2488 1,
735 2457 769 2490 p.
792 2448 846 2482 91.
1418 2448 1485 2492 γάρ
1506 2448 1574 2479 ἔστι
1595 2447 1772 2490 Ῥωμαίων
1794 2449 1864 2482 τοῖς
1883 2448 2046 2487 ἱππεῦσιν,
2080 2447 2159 2481 ὅταν
2185 2448 2441 2493 στρατεύσωνται
2459 2453 2516 2474 τον

168 2492 199 2553 ἰ)
220 2490 296 2522 Liv.
318 2490 379 2566 23,
408 2490 465 2527 19,
487 2491 517 2522 4.
1419 2493 1563 2543 {dmm
1578 2493 1717 2545 χρόνον,
1745 2489 1842 2542 ἐχειν
1863 2492 1922 2543 εἰςι
1931 2492 2062 2546 ἀγοράν
2082 2490 2140 2523 τόν
2159 2493 2266 2524 ἵππον
2288 2489 2348 2541 tna!
2362 2486 2433 2520 τούς
2453 2485 2513 2537 δρο

220 2533 314 2609 ⁵151:ssss
344 2536 430 2609 editui
439 2531 618 2608 3{iacienda
636 2580 737 2626 erant
760 2574 933 2618 equitibus.
979 2575 1102 2620 Polyb.
1124 2576 1163 2617 6,
1189 2578 1246 2618 19,
1269 2578 1300 2611 Ξ.
1418 2532 2514 2623 ἓξὲξ,ὦίὂῑῶιῧῖἵέρῑῗὲὲἰῗὲκῖΐτοῖῗῗῖξὲᾔῖῖςῖἕέἕζ

209 2619 298 2652 Plut.
322 2619 360 2652 C.
383 2618 527 2651 Gracch.
550 2619 580 2651 2.
604 2618 680 2652 Liv.
703 2619 763 2658 27,
788 2619 838 2654 ΙΙ.
863 2628 971 2661 eaque
994 2620 1122 2663 expleri
1144 2624 1306 2664 poterant*
1416 2621 1471 2652 καὶ
1483 2619 1517 2651 δι
1543 2621 1640 2656 amar
1660 2620 1806 2656 εὐθύνας
1825 2621 1880 2662 τῆς
1904 2622 2086 2668 στρατείας,
2108 2616 2515 2666 ὠφ-ίεοθαι---εεῖτα

208 2662 297 2696 imru
324 2661 613 2706 qmdmgesimum
667 2663 793 2696 uintum
815 2672 948 2696 annum.
993 2663 1093 2697 Nieb.
1119 2665 1147 2698 l.
1170 2675 1203 2707 p.
1225 2665 1298 2698 706.
1417 2664 1436 2696 ὅ
1456 2664 1521 2707 μὲν
1540 2668 1762 2710 πρεσβύτερος
1791 2667 1883 2708 (γῶν
1902 2666 2068 2710 τιμητῶν)
2101 2669 2260 2711 ἠρώτησε·
2291 2661 2514 2703 Πυνθάνομωῦ

168 2708 196 2747 ⁸)
218 2706 292 2739 le.
320 2708 357 2746 Ι,
379 2707 432 2740 43.
479 2705 580 2738 Dion.
603 2704 656 2738 fla
672 2729 680 2737 .
703 2709 744 2745 4,
767 2706 819 2739 21.
843 2717 876 2748 p.
897 2706 974 2739 689.
1020 2703 1116 2742 οὗτος·
1137 2709 1155 2740 ό
1178 2709 1300 2751 κόσμος
1415 2718 1483 2745 σου,
1515 2705 1550 2740 αἲ
1578 2712 1738 2752 Πομπήϊε
1759 2711 1891 2753 Μάγνε,
1921 2711 1950 2741 εἰ
1970 2712 2082 2745 πάσας
2110 2711 2318 2753 ἐστράτευσαι
2346 2706 2405 2739 τὰς
2429 2701 2516 2735 Μὰ

208 2750 265 2783 τοῦ
285 2750 516 2794 natm-§pm
542 2749 597 2782 ἐπὶ
617 2749 738 2786 πολλαὶς
760 2749 902 2794 διέμεινε
923 2750 1040 2793 γενεὰ
1058 2752 1300 2796 φυλαττόμενος
1414 2752 1520 2795 νόμον
1551 2754 1742 2796 apartium
1788 2755 1970 2796 Πομπηῖος·
1999 2754 2037 2787 δὲ
2066 2755 2194 2797 μεγάλῃ
2224 2752 2334 2795 φωνῇ·
2380 2753 2415 2782 11
2419 2749 2513 2785 ὥαις,

208 2793 271 2827 ὗπὸ
286 2795 352 2827 Ῥω
380 2796 470 2827 αῖσιν.
492 2795 530 2826 ἐν
548 2794 586 2826 δὲ
606 2795 676 2829 τοῖς
696 2794 779 2826 καθ’
801 2794 887 2837 ἡμᾶς
907 2795 1069 2834 κεκίνηται
1085 2798 1223 2840 χρόνοις
1243 2796 1298 2827 καὶ
1414 2795 1514 2833 εἶπεν,
1543 2795 1761 2841 ἐστράτευμαι
1781 2796 1837 2829 καὶ
1859 2798 1968 2831 πάσας
1999 2796 2052 2829 ὁπ’
2073 2797 2199 2840 ἐμαυτῷ
2221 2793 2448 2837 αὐτοκράτορι.
2470 2808 2515 2816 -

205 2840 327 2881 μεταβέ
388 2849 439 2871 ται
468 2839 514 2873 εἰς
536 2837 573 2870 τὸ
594 2837 855 2882 δημοτικαὴερον
879 2837 1041 2880 ἀνάγκαις·
1062 2842 1127 2872 τισι·
1149 2840 1298 2881 βιασθείς
1412 2856 1456 2863 -
1470 2838 1668 2874 ἀναστάντες
1686 2841 1720 2872 οἱ
1738 2841 1868 2883 τιμηταὶ
1886 2841 2099 2885 προέπεμπον
2115 2841 2211 2873 αὐτον
2225 2837 2347 2870 dauwe.
2379 2835 2513 2869 Nonius

206 2883 366 2926 ἰσχυραῖς,
396 2882 436 2914 οὐ
462 2882 528 2914 τῶν
555 2881 663 2923 λόχων
691 2881 947 2919 καταλυθέντων,
979 2880 1061 2914 ἀλλα·
1082 2883 1137 2922 τῆς
1159 2883 1297 2923 κλήσεως
1327 2877 1335 2963 ¹
1413 2891 1438 2913 s.
1461 2890 1493 2913 v.
1518 2880 1698 2915 caballus:
1730 2881 1767 2915 lu
1791 2883 1913 2916 castris
1944 2883 2132 2927 permansi,
2153 2881 2232 2914 inde
2256 2879 2423 2914 caballum
2461 2888 2512 2911 re-

205 2925 307 2957 αότιῦν
328 2927 386 2958 οὐκ
407 2927 454 2958 ἔτι
476 2926 533 2966 τήν
553 2926 698 2970 ἀρχαίων
720 2925 892 2970 ἀκρίβειαν
913 2924 1142 2966 φυλαττούσης.
1412 2924 1491 2956 duxi
1514 2924 1558 2956 ad
1582 2936 1768 2958 censorem.
