<?xml version="1.0" encoding="UTF-8"?>
<!DOCTYPE html PUBLIC "-//W3C//DTD XHTML 1.0 Transitional//EN"
    "http://www.w3.org/TR/xhtml1/DTD/xhtml1-transitional.dtd">
<html xmlns="http://www.w3.org/1999/xhtml" xml:lang="en" lang="en">
 <head>
  <title>
</title>
<meta http-equiv="Content-Type" content="text/html;charset=utf-8" />
  <meta name='ocr-system' content='tesseract 3.04.00' />
  <meta name='ocr-capabilities' content='ocr_page ocr_carea ocr_par ocr_line ocrx_word'/>
</head>
<body>
  <div class='ocr_page' id='page_1' title='image "4771388_0052.png"; bbox 0 0 2720 3402; ppageno 0'>
   <div class='ocr_carea' id='block_1_1' title="bbox 165 292 2545 797">
    <p class='ocr_par' dir='ltr' id='par_1_1' title="bbox 165 292 2545 797">
     <span class='ocr_line' id='line_1_1' title="bbox 167 292 2499 357; baseline 0.002 -16"><span class='ocrx_word' id='word_1_1' title='bbox 167 309 359 355; x_wconf 88' lang='lat' dir='ltr'><strong>quarum</strong></span> <span class='ocrx_word' id='word_1_2' title='bbox 391 295 571 344; x_wconf 85' lang='lat' dir='ltr'><strong>fructus</strong></span> <span class='ocrx_word' id='word_1_3' title='bbox 601 295 690 342; x_wconf 84' lang='lat' dir='ltr'><strong>iam</strong></span> <span class='ocrx_word' id='word_1_4' title='bbox 722 296 877 342; x_wconf 92' lang='lat' dir='ltr'><strong>nullus</strong></span> <span class='ocrx_word' id='word_1_5' title='bbox 910 302 1024 352; x_wconf 90' lang='lat' dir='ltr'><strong>erat,</strong></span> <span class='ocrx_word' id='word_1_6' title='bbox 1058 302 1248 343; x_wconf 87' lang='lat' dir='ltr'><strong>senatus</strong></span> <span class='ocrx_word' id='word_1_7' title='bbox 1281 295 1547 357; x_wconf 79' lang='lat' dir='ltr'><strong>antiquavit.</strong></span> <span class='ocrx_word' id='word_1_8' title='bbox 1573 294 1651 356; x_wconf 66' lang='lat'><strong>¹⁰¹³¹)</strong></span> <span class='ocrx_word' id='word_1_9' title='bbox 1715 294 1982 342; x_wconf 86' lang='lat' dir='ltr'><strong>Nobilitatis</strong></span> <span class='ocrx_word' id='word_1_10' title='bbox 2014 311 2092 343; x_wconf 88' lang='lat' dir='ltr'><strong>res</strong></span> <span class='ocrx_word' id='word_1_11' title='bbox 2123 292 2381 356; x_wconf 82' lang='lat' dir='ltr'><strong>ceciderat,</strong></span> <span class='ocrx_word' id='word_1_12' title='bbox 2422 314 2499 346; x_wconf 89' lang='lat' dir='ltr'><strong>se-</strong></span> 
     </span>
     <span class='ocr_line' id='line_1_2' title="bbox 165 368 2503 432; baseline 0.003 -19"><span class='ocrx_word' id='word_1_13' title='bbox 165 373 301 418; x_wconf 78' lang='lat' dir='ltr'><strong>natus</strong></span> <span class='ocrx_word' id='word_1_14' title='bbox 347 374 662 432; x_wconf 76' lang='lat' dir='ltr'><strong>propugnator</strong></span> <span class='ocrx_word' id='word_1_15' title='bbox 708 375 844 429; x_wconf 85' lang='lat' dir='ltr'><strong>atque</strong></span> <span class='ocrx_word' id='word_1_16' title='bbox 892 368 986 415; x_wconf 91' lang='lat' dir='ltr'><strong>illis</strong></span> <span class='ocrx_word' id='word_1_17' title='bbox 1035 369 1222 430; x_wconf 89' lang='lat' dir='ltr'><strong>quidem</strong></span> <span class='ocrx_word' id='word_1_18' title='bbox 1269 368 1553 431; x_wconf 82' lang='lat' dir='ltr'><strong>temporibus</strong></span> <span class='ocrx_word' id='word_1_19' title='bbox 1601 382 1751 429; x_wconf 88' lang='lat' dir='ltr'><strong>paene</strong></span> <span class='ocrx_word' id='word_1_20' title='bbox 1795 375 2043 431; x_wconf 86' lang='lat' dir='ltr'><strong>patronus,</strong></span> <span class='ocrx_word' id='word_1_21' title='bbox 2070 369 2150 432; x_wconf 75' lang='lat'><strong>¹⁰⁹)</strong></span> <span class='ocrx_word' id='word_1_22' title='bbox 2197 369 2263 417; x_wconf 88' lang='grc' dir='ltr'><strong>Μ.</strong></span> <span class='ocrx_word' id='word_1_23' title='bbox 2305 371 2503 428; x_wconf 79' lang='lat' dir='ltr'><strong>Drusus,</strong></span> 
     </span>
     <span class='ocr_line' id='line_1_3' title="bbox 165 440 2506 506; baseline 0.002 -20"><span class='ocrx_word' id='word_1_24' title='bbox 165 440 292 488; x_wconf 89' lang='lat' dir='ltr'><strong>domi</strong></span> <span class='ocrx_word' id='word_1_25' title='bbox 323 457 434 490; x_wconf 82' lang='lat' dir='ltr'><strong>suae</strong></span> <span class='ocrx_word' id='word_1_26' title='bbox 465 442 522 488; x_wconf 82' lang='lat' dir='ltr'><strong>ab</strong></span> <span class='ocrx_word' id='word_1_27' title='bbox 553 441 833 489; x_wconf 77' lang='lat' dir='ltr'><strong>adversariis</strong></span> <span class='ocrx_word' id='word_1_28' title='bbox 855 442 935 502; x_wconf 89' lang='lat'><strong>¹¹⁰)</strong></span> <span class='ocrx_word' id='word_1_29' title='bbox 968 441 1243 489; x_wconf 88' lang='lat' dir='ltr'><strong>interfectus</strong></span> <span class='ocrx_word' id='word_1_30' title='bbox 1276 449 1361 499; x_wconf 88' lang='lat' dir='ltr'><strong>est,</strong></span> <span class='ocrx_word' id='word_1_31' title='bbox 1393 442 1610 487; x_wconf 79' lang='lat' dir='ltr'><strong>Crassum</strong></span> <span class='ocrx_word' id='word_1_32' title='bbox 1642 440 1778 486; x_wconf 88' lang='lat' dir='ltr'><strong>dolor</strong></span> <span class='ocrx_word' id='word_1_33' title='bbox 1807 441 2044 504; x_wconf 83' lang='lat' dir='ltr'><strong>profligati</strong></span> <span class='ocrx_word' id='word_1_34' title='bbox 2076 443 2134 488; x_wconf 91' lang='lat' dir='ltr'><strong>ab</strong></span> <span class='ocrx_word' id='word_1_35' title='bbox 2164 442 2362 506; x_wconf 85' lang='lat' dir='ltr'><strong>ipsoque</strong></span> <span class='ocrx_word' id='word_1_36' title='bbox 2391 459 2506 491; x_wconf 84' lang='lat' dir='ltr'><strong>con-</strong></span> 
     </span>
     <span class='ocr_line' id='line_1_4' title="bbox 168 512 2509 578; baseline 0.001 -18"><span class='ocrx_word' id='word_1_37' title='bbox 168 514 272 561; x_wconf 92' lang='lat' dir='ltr'><strong>sule</strong></span> <span class='ocrx_word' id='word_1_38' title='bbox 313 514 483 561; x_wconf 83' lang='lat' dir='ltr'><strong>deserti</strong></span> <span class='ocrx_word' id='word_1_39' title='bbox 523 520 712 562; x_wconf 63' lang='lat' dir='ltr'><strong>senatis</strong></span> <span class='ocrx_word' id='word_1_40' title='bbox 746 515 1058 577; x_wconf 73' lang='lat' dir='ltr'><strong>consumpsit,</strong></span> <span class='ocrx_word' id='word_1_41' title='bbox 1084 516 1165 578; x_wconf 89' lang='lat'><strong>¹¹¹)</strong></span> <span class='ocrx_word' id='word_1_42' title='bbox 1206 514 1340 562; x_wconf 85' lang='lat' dir='ltr'><strong>Italia</strong></span> <span class='ocrx_word' id='word_1_43' title='bbox 1371 512 1518 560; x_wconf 91' lang='lat' dir='ltr'><strong>omnis</strong></span> <span class='ocrx_word' id='word_1_44' title='bbox 1561 513 1764 559; x_wconf 76' lang='lat' dir='ltr'><strong>civitatis</strong></span> <span class='ocrx_word' id='word_1_45' title='bbox 1794 530 1879 576; x_wconf 91' lang='lat' dir='ltr'><strong>spe</strong></span> <span class='ocrx_word' id='word_1_46' title='bbox 1921 515 2149 561; x_wconf 87' lang='lat' dir='ltr'><strong>concitata</strong></span> <span class='ocrx_word' id='word_1_47' title='bbox 2181 521 2267 562; x_wconf 85' lang='lat' dir='ltr'><strong>est.</strong></span> <span class='ocrx_word' id='word_1_48' title='bbox 2301 516 2303 519; x_wconf 75' lang='grc'>’</span> <span class='ocrx_word' id='word_1_49' title='bbox 2330 516 2509 563; x_wconf 80' lang='lat' dir='ltr'><strong>Iudicia</strong></span> 
     </span>
     <span class='ocr_line' id='line_1_5' title="bbox 170 585 2509 650; baseline 0.002 -19"><span class='ocrx_word' id='word_1_50' title='bbox 170 588 348 647; x_wconf 86' lang='lat' dir='ltr'><strong>equites</strong></span> <span class='ocrx_word' id='word_1_51' title='bbox 371 586 679 645; x_wconf 78' lang='lat' dir='ltr'><strong>retinuerunt,</strong></span> <span class='ocrx_word' id='word_1_52' title='bbox 711 586 850 649; x_wconf 86' lang='lat' dir='ltr'><strong>iique·</strong></span> <span class='ocrx_word' id='word_1_53' title='bbox 863 586 929 635; x_wconf 91' lang='lat' dir='ltr'><strong>ita</strong></span> <span class='ocrx_word' id='word_1_54' title='bbox 959 588 1157 636; x_wconf 83' lang='lat' dir='ltr'><strong>victoria</strong></span> <span class='ocrx_word' id='word_1_55' title='bbox 1186 587 1260 635; x_wconf 90' lang='lat' dir='ltr'><strong>usi</strong></span> <span class='ocrx_word' id='word_1_56' title='bbox 1291 592 1410 643; x_wconf 90' lang='lat' dir='ltr'><strong>sunt,</strong></span> <span class='ocrx_word' id='word_1_57' title='bbox 1441 591 1494 631; x_wconf 91' lang='lat' dir='ltr'><strong>ut</strong></span> <span class='ocrx_word' id='word_1_58' title='bbox 1524 591 1622 632; x_wconf 88' lang='lat' dir='ltr'><strong>tum</strong></span> <span class='ocrx_word' id='word_1_59' title='bbox 1653 585 1853 633; x_wconf 86' lang='lat' dir='ltr'><strong>maxime</strong></span> <span class='ocrx_word' id='word_1_60' title='bbox 1886 587 2160 635; x_wconf 81' lang='lat' dir='ltr'><strong>sollicitatae</strong></span> <span class='ocrx_word' id='word_1_61' title='bbox 2185 585 2509 650; x_wconf 79' lang='lat' dir='ltr'><strong>largitionibus</strong></span> 
     </span>
     <span class='ocr_line' id='line_1_6' title="bbox 170 658 2511 724; baseline 0.002 -20"><span class='ocrx_word' id='word_1_62' title='bbox 170 659 328 706; x_wconf 84' lang='lat' dir='ltr'><strong>Italiae</strong></span> <span class='ocrx_word' id='word_1_63' title='bbox 359 675 469 706; x_wconf 88' lang='lat' dir='ltr'><strong>reos</strong></span> <span class='ocrx_word' id='word_1_64' title='bbox 500 659 739 724; x_wconf 81' lang='lat' dir='ltr'><strong>principes</strong></span> <span class='ocrx_word' id='word_1_65' title='bbox 771 659 975 709; x_wconf 75' lang='lat' dir='ltr'><strong>civitatis</strong></span> <span class='ocrx_word' id='word_1_66' title='bbox 1007 661 1237 718; x_wconf 89' lang='lat' dir='ltr'><strong>facerent,</strong></span> <span class='ocrx_word' id='word_1_67' title='bbox 1250 662 1261 688; x_wconf 95' lang='lat'><strong>¹</strong></span> <span class='ocrx_word' id='word_1_68' title='bbox 1274 660 1327 721; x_wconf 75' lang='lat'><strong>¹2)</strong></span> <span class='ocrx_word' id='word_1_69' title='bbox 1359 658 1551 719; x_wconf 88' lang='lat' dir='ltr'><strong>eiusque</strong></span> <span class='ocrx_word' id='word_1_70' title='bbox 1584 658 1776 705; x_wconf 90' lang='lat' dir='ltr'><strong>sceleris</strong></span> <span class='ocrx_word' id='word_1_71' title='bbox 1807 659 1983 706; x_wconf 84' lang='lat' dir='ltr'><strong>invidia</strong></span> <span class='ocrx_word' id='word_1_72' title='bbox 2013 661 2195 708; x_wconf 87' lang='lat' dir='ltr'><strong>nobiles</strong></span> <span class='ocrx_word' id='word_1_73' title='bbox 2225 675 2388 708; x_wconf 83' lang='lat' dir='ltr'><strong>omnes</strong></span> <span class='ocrx_word' id='word_1_74' title='bbox 2418 675 2511 708; x_wconf 80' lang='lat' dir='ltr'><strong>una</strong></span> 
     </span>
     <span class='ocr_line' id='line_1_7' title="bbox 170 731 2545 797; baseline 0.001 -20"><span class='ocrx_word' id='word_1_75' title='bbox 170 731 562 780; x_wconf 85' lang='lat' dir='ltr'><strong>circumventuros</strong></span> <span class='ocrx_word' id='word_1_76' title='bbox 595 749 648 781; x_wconf 89' lang='lat' dir='ltr'><strong>se</strong></span> <span class='ocrx_word' id='word_1_77' title='bbox 681 743 941 796; x_wconf 83' lang='lat' dir='ltr'><strong>sperarent.</strong></span> <span class='ocrx_word' id='word_1_78' title='bbox 960 735 1040 797; x_wconf 76' lang='lat'><strong>¹¹³)</strong></span> <span class='ocrx_word' id='word_1_79' title='bbox 1088 734 1181 780; x_wconf 88' lang='lat' dir='ltr'><strong>His</strong></span> <span class='ocrx_word' id='word_1_80' title='bbox 1214 740 1261 780; x_wconf 92' lang='lat' dir='ltr'><strong>et</strong></span> <span class='ocrx_word' id='word_1_81' title='bbox 1292 731 1589 779; x_wconf 85' lang='lat' dir='ltr'><strong>suadentibus</strong></span> <span class='ocrx_word' id='word_1_82' title='bbox 1622 739 1670 777; x_wconf 86' lang='lat' dir='ltr'><strong>et</strong></span> <span class='ocrx_word' id='word_1_83' title='bbox 1701 733 1854 793; x_wconf 79' lang='lat' dir='ltr'><strong>legem</strong></span> <span class='ocrx_word' id='word_1_84' title='bbox 1886 733 2052 794; x_wconf 78' lang='lat' dir='ltr'><strong>gladiis</strong></span> <span class='ocrx_word' id='word_1_85' title='bbox 2071 734 2410 785; x_wconf 75' lang='lat' dir='ltr'><strong>adiuvantibus</strong></span> <span class='ocrx_word' id='word_1_86' title='bbox 2430 734 2521 797; x_wconf 84' lang='lat'><strong>¹¹⁴)&#39;&#39;</strong></span> <span class='ocrx_word' id='word_1_87' title='bbox 2534 735 2545 743; x_wconf 68' lang='grc'><strong>’“</strong></span> 
     </span>
    </p>
   </div>
   <div class='ocr_carea' id='block_1_2' title="bbox 167 803 2640 869">
    <p class='ocr_par' dir='ltr' id='par_1_2' title="bbox 167 803 2640 869">
     <span class='ocr_line' id='line_1_8' title="bbox 167 803 2640 869; baseline -0.001 -15"><span class='ocrx_word' id='word_1_88' title='bbox 167 804 225 866; x_wconf 78' lang='lat' dir='ltr'><strong>Q·</strong></span> <span class='ocrx_word' id='word_1_89' title='bbox 243 804 414 853; x_wconf 72' lang='lat' dir='ltr'><strong>Varius</strong></span> <span class='ocrx_word' id='word_1_90' title='bbox 446 812 504 853; x_wconf 92' lang='lat' dir='ltr'><strong>tr.</strong></span> <span class='ocrx_word' id='word_1_91' title='bbox 531 808 597 869; x_wconf 92' lang='lat' dir='ltr'><strong>pl.</strong></span> <span class='ocrx_word' id='word_1_92' title='bbox 632 822 673 855; x_wconf 81' lang='lat' dir='ltr'><strong>a.</strong></span> <span class='ocrx_word' id='word_1_93' title='bbox 706 806 780 853; x_wconf 79' lang='lat'><strong>91²</strong></span> <span class='ocrx_word' id='word_1_94' title='bbox 801 808 924 866; x_wconf 85' lang='lat' dir='ltr'><strong>tulit,</strong></span> <span class='ocrx_word' id='word_1_95' title='bbox 954 813 1007 854; x_wconf 91' lang='lat' dir='ltr'><strong>ut</strong></span> <span class='ocrx_word' id='word_1_96' title='bbox 1038 811 1336 867; x_wconf 81' lang='lat' dir='ltr'><strong>quaereretur</strong></span> <span class='ocrx_word' id='word_1_97' title='bbox 1367 804 1425 851; x_wconf 90' lang='lat' dir='ltr'><strong>de</strong></span> <span class='ocrx_word' id='word_1_98' title='bbox 1457 803 1532 860; x_wconf 89' lang='lat' dir='ltr'><strong>iis,</strong></span> <span class='ocrx_word' id='word_1_99' title='bbox 1565 819 1758 864; x_wconf 89' lang='lat' dir='ltr'><strong>quorum</strong></span> <span class='ocrx_word' id='word_1_100' title='bbox 1791 822 1882 865; x_wconf 90' lang='lat' dir='ltr'><strong>ope</strong></span> <span class='ocrx_word' id='word_1_101' title='bbox 1915 806 2178 853; x_wconf 75' lang='lat' dir='ltr'><strong>consiliove·</strong></span> <span class='ocrx_word' id='word_1_102' title='bbox 2194 807 2321 853; x_wconf 89' lang='lat' dir='ltr'><strong>socii</strong></span> <span class='ocrx_word' id='word_1_103' title='bbox 2352 803 2512 852; x_wconf 85' lang='lat' dir='ltr'><strong>contra</strong></span> <span class='ocrx_word' id='word_1_104' title='bbox 2627 813 2640 819; x_wconf 85' lang='grc'><strong>“’</strong></span> 
     </span>
    </p>
   </div>
   <div class='ocr_carea' id='block_1_3' title="bbox 163 876 2518 2035">
    <p class='ocr_par' dir='ltr' id='par_1_3' title="bbox 163 876 2518 2035">
     <span class='ocr_line' id='line_1_9' title="bbox 163 876 2512 942; baseline 0.002 -20"><span class='ocrx_word' id='word_1_105' title='bbox 163 878 390 939; x_wconf 90' lang='lat' dir='ltr'><strong>populum</strong></span> <span class='ocrx_word' id='word_1_106' title='bbox 422 879 684 926; x_wconf 85' lang='lat' dir='ltr'><strong>Romanum</strong></span> <span class='ocrx_word' id='word_1_107' title='bbox 726 894 853 928; x_wconf 84' lang='lat' dir='ltr'><strong>arma</strong></span> <span class='ocrx_word' id='word_1_108' title='bbox 884 878 1204 942; x_wconf 86' lang='lat' dir='ltr'><strong>sumpsissent.</strong></span> <span class='ocrx_word' id='word_1_109' title='bbox 1232 877 1310 941; x_wconf 83' lang='lat'><strong>¹¹⁵)</strong></span> <span class='ocrx_word' id='word_1_110' title='bbox 1373 876 1478 940; x_wconf 87' lang='lat' dir='ltr'><strong>Qua</strong></span> <span class='ocrx_word' id='word_1_111' title='bbox 1509 876 1615 939; x_wconf 82' lang='lat' dir='ltr'><strong>lege</strong></span> <span class='ocrx_word' id='word_1_112' title='bbox 1647 891 1767 924; x_wconf 87' lang='lat' dir='ltr'><strong>anno</strong></span> <span class='ocrx_word' id='word_1_113' title='bbox 1800 885 2022 939; x_wconf 87' lang='lat' dir='ltr'><strong>sequente</strong></span> <span class='ocrx_word' id='word_1_114' title='bbox 2068 878 2291 927; x_wconf 78' lang='lat' dir='ltr'><strong>damnati</strong></span> <span class='ocrx_word' id='word_1_115' title='bbox 2314 886 2423 927; x_wconf 90' lang='lat' dir='ltr'><strong>sunt</strong></span> <span class='ocrx_word' id='word_1_116' title='bbox 2453 879 2512 927; x_wconf 91' lang='lat' dir='ltr'><strong>L.</strong></span> 
     </span>
     <span class='ocr_line' id='line_1_10' title="bbox 166 949 2512 1016; baseline 0.003 -22"><span class='ocrx_word' id='word_1_117' title='bbox 166 949 345 1006; x_wconf 84' lang='lat' dir='ltr'><strong>Bestia,</strong></span> <span class='ocrx_word' id='word_1_118' title='bbox 379 953 461 1012; x_wconf 92' lang='lat' dir='ltr'><strong>qui</strong></span> <span class='ocrx_word' id='word_1_119' title='bbox 492 953 599 997; x_wconf 90' lang='lat' dir='ltr'><strong>trib.</strong></span> <span class='ocrx_word' id='word_1_120' title='bbox 637 953 724 997; x_wconf 80' lang='lat'><strong>121</strong></span> <span class='ocrx_word' id='word_1_121' title='bbox 758 953 815 998; x_wconf 82' lang='lat' dir='ltr'><strong>P.</strong></span> <span class='ocrx_word' id='word_1_122' title='bbox 847 952 1095 1014; x_wconf 85' lang='lat' dir='ltr'><strong>Popilium,</strong></span> <span class='ocrx_word' id='word_1_123' title='bbox 1129 952 1237 995; x_wconf 84' lang='lat' dir='ltr'><strong>Tib.</strong></span> <span class='ocrx_word' id='word_1_124' title='bbox 1263 950 1464 996; x_wconf 84' lang='lat' dir='ltr'><strong>Gracchi</strong></span> <span class='ocrx_word' id='word_1_125' title='bbox 1498 949 1828 1008; x_wconf 78' lang='lat' dir='ltr'><strong>adversarium,</strong></span> <span class='ocrx_word' id='word_1_126' title='bbox 1859 951 2234 1016; x_wconf 82' lang='lat' dir='ltr'><strong>restituerat,¹¹⁰)</strong></span> <span class='ocrx_word' id='word_1_127' title='bbox 2267 952 2376 999; x_wconf 86' lang='lat' dir='ltr'><strong>dein</strong></span> <span class='ocrx_word' id='word_1_128' title='bbox 2408 967 2512 1000; x_wconf 81' lang='lat' dir='ltr'><strong>cor-</strong></span> 
     </span>
     <span class='ocr_line' id='line_1_11' title="bbox 165 1023 2512 1086; baseline 0.001 -16"><span class='ocrx_word' id='word_1_129' title='bbox 165 1030 332 1085; x_wconf 89' lang='lat' dir='ltr'><strong>ruptus</strong></span> <span class='ocrx_word' id='word_1_130' title='bbox 366 1041 394 1071; x_wconf 85' lang='lat' dir='ltr'><strong>a</strong></span> <span class='ocrx_word' id='word_1_131' title='bbox 424 1025 650 1086; x_wconf 83' lang='lat' dir='ltr'><strong>Iugurtha</strong></span> <span class='ocrx_word' id='word_1_132' title='bbox 681 1026 1010 1085; x_wconf 87' lang='lat' dir='ltr'><strong>damnatusque</strong></span> <span class='ocrx_word' id='word_1_133' title='bbox 1043 1026 1146 1084; x_wconf 82' lang='lat' dir='ltr'><strong>lege</strong></span> <span class='ocrx_word' id='word_1_134' title='bbox 1178 1024 1385 1069; x_wconf 86' lang='lat' dir='ltr'><strong>Mamilia</strong></span> <span class='ocrx_word' id='word_1_135' title='bbox 1417 1029 1541 1078; x_wconf 86' lang='lat' dir='ltr'><strong>erat,</strong></span> <span class='ocrx_word' id='word_1_136' title='bbox 1568 1023 1647 1084; x_wconf 74' lang='lat'><strong>¹¹²)</strong></span> <span class='ocrx_word' id='word_1_137' title='bbox 1691 1023 1743 1068; x_wconf 83' lang='lat' dir='ltr'><strong>G.</strong></span> <span class='ocrx_word' id='word_1_138' title='bbox 1775 1024 1887 1069; x_wconf 86' lang='lat' dir='ltr'><strong>Aur.</strong></span> <span class='ocrx_word' id='word_1_139' title='bbox 1921 1026 2081 1082; x_wconf 87' lang='lat' dir='ltr'><strong>Cotta,</strong></span> <span class='ocrx_word' id='word_1_140' title='bbox 2114 1027 2171 1071; x_wconf 90' lang='lat' dir='ltr'><strong>P.</strong></span> <span class='ocrx_word' id='word_1_141' title='bbox 2204 1025 2370 1072; x_wconf 87' lang='lat' dir='ltr'><strong>Rutilii</strong></span> <span class='ocrx_word' id='word_1_142' title='bbox 2402 1025 2512 1072; x_wconf 88' lang='lat' dir='ltr'><strong>Rufi</strong></span> 
     </span>
     <span class='ocr_line' id='line_1_12' title="bbox 168 1094 2513 1158; baseline 0.001 -17"><span class='ocrx_word' id='word_1_143' title='bbox 168 1103 217 1141; x_wconf 93' lang='lat' dir='ltr'><strong>et</strong></span> <span class='ocrx_word' id='word_1_144' title='bbox 252 1097 431 1144; x_wconf 89' lang='lat' dir='ltr'><strong>sororis</strong></span> <span class='ocrx_word' id='word_1_145' title='bbox 470 1098 597 1144; x_wconf 87' lang='lat' dir='ltr'><strong>filius</strong></span> <span class='ocrx_word' id='word_1_146' title='bbox 638 1103 687 1143; x_wconf 89' lang='lat' dir='ltr'><strong>et</strong></span> <span class='ocrx_word' id='word_1_147' title='bbox 727 1096 777 1143; x_wconf 89' lang='lat' dir='ltr'><strong>in</strong></span> <span class='ocrx_word' id='word_1_148' title='bbox 817 1097 987 1143; x_wconf 91' lang='lat' dir='ltr'><strong>iudicio</strong></span> <span class='ocrx_word' id='word_1_149' title='bbox 1019 1097 1078 1142; x_wconf 92' lang='lat' dir='ltr'><strong>de</strong></span> <span class='ocrx_word' id='word_1_150' title='bbox 1110 1095 1384 1158; x_wconf 79' lang='lat' dir='ltr'><strong>repetundis</strong></span> <span class='ocrx_word' id='word_1_151' title='bbox 1417 1095 1665 1153; x_wconf 81' lang='lat' dir='ltr'><strong>defensor,</strong></span> <span class='ocrx_word' id='word_1_152' title='bbox 1690 1094 1770 1155; x_wconf 75' lang='lat'><strong>¹¹¹³)</strong></span> <span class='ocrx_word' id='word_1_153' title='bbox 1812 1094 1939 1142; x_wconf 83' lang='lat' dir='ltr'><strong>Livii</strong></span> <span class='ocrx_word' id='word_1_154' title='bbox 1966 1095 2114 1144; x_wconf 81' lang='lat' dir='ltr'><strong>Drusi</strong></span> <span class='ocrx_word' id='word_1_155' title='bbox 2145 1097 2345 1145; x_wconf 76' lang='lat' dir='ltr'><strong>maxime</strong></span> <span class='ocrx_word' id='word_1_156' title='bbox 2379 1098 2513 1144; x_wconf 84' lang='lat' dir='ltr'><strong>fami-</strong></span> 
     </span>
     <span class='ocr_line' id='line_1_13' title="bbox 168 1167 2513 1232; baseline 0 -16"><span class='ocrx_word' id='word_1_157' title='bbox 168 1168 324 1228; x_wconf 86' lang='lat' dir='ltr'><strong>liaris,</strong></span> <span class='ocrx_word' id='word_1_158' title='bbox 366 1171 415 1217; x_wconf 90' lang='lat' dir='ltr'><strong>in</strong></span> <span class='ocrx_word' id='word_1_159' title='bbox 447 1186 537 1231; x_wconf 89' lang='lat' dir='ltr'><strong>quo</strong></span> <span class='ocrx_word' id='word_1_160' title='bbox 569 1185 781 1231; x_wconf 80' lang='lat' dir='ltr'><strong>magnam</strong></span> <span class='ocrx_word' id='word_1_161' title='bbox 814 1186 945 1232; x_wconf 91' lang='lat' dir='ltr'><strong>spem</strong></span> <span class='ocrx_word' id='word_1_162' title='bbox 978 1169 1226 1231; x_wconf 87' lang='lat' dir='ltr'><strong>optimates</strong></span> <span class='ocrx_word' id='word_1_163' title='bbox 1257 1168 1457 1214; x_wconf 89' lang='lat' dir='ltr'><strong>maiores</strong></span> <span class='ocrx_word' id='word_1_164' title='bbox 1498 1174 1609 1214; x_wconf 87' lang='lat' dir='ltr'><strong>natu</strong></span> <span class='ocrx_word' id='word_1_165' title='bbox 1650 1167 1887 1229; x_wconf 71' lang='lat' dir='ltr'><strong>dignitatis</strong></span> <span class='ocrx_word' id='word_1_166' title='bbox 1930 1186 2040 1216; x_wconf 85' lang='lat' dir='ltr'><strong>suae</strong></span> <span class='ocrx_word' id='word_1_167' title='bbox 2072 1172 2163 1218; x_wconf 89' lang='lat' dir='ltr'><strong>iam</strong></span> <span class='ocrx_word' id='word_1_168' title='bbox 2194 1180 2294 1218; x_wconf 92' lang='lat' dir='ltr'><strong>tum</strong></span> <span class='ocrx_word' id='word_1_169' title='bbox 2336 1170 2513 1231; x_wconf 87' lang='lat' dir='ltr'><strong>(tribu-</strong></span> 
     </span>
     <span class='ocr_line' id='line_1_14' title="bbox 168 1239 2514 1306; baseline 0.001 -18"><span class='ocrx_word' id='word_1_170' title='bbox 168 1248 328 1289; x_wconf 87' lang='lat' dir='ltr'><strong>natum</strong></span> <span class='ocrx_word' id='word_1_171' title='bbox 369 1242 492 1290; x_wconf 88' lang='lat' dir='ltr'><strong>enim</strong></span> <span class='ocrx_word' id='word_1_172' title='bbox 532 1258 572 1289; x_wconf 85' lang='lat' dir='ltr'><strong>a.</strong></span> <span class='ocrx_word' id='word_1_173' title='bbox 614 1241 676 1289; x_wconf 76' lang='lat'><strong>91</strong></span> <span class='ocrx_word' id='word_1_174' title='bbox 720 1242 887 1305; x_wconf 88' lang='lat' dir='ltr'><strong>petiit)</strong></span> <span class='ocrx_word' id='word_1_175' title='bbox 929 1243 1228 1289; x_wconf 83' lang='lat' dir='ltr'><strong>collocabant.</strong></span> <span class='ocrx_word' id='word_1_176' title='bbox 1255 1242 1339 1305; x_wconf 18' lang='lat'><strong>¹¹⁹),</strong></span> <span class='ocrx_word' id='word_1_177' title='bbox 1411 1241 1528 1287; x_wconf 87' lang='lat' dir='ltr'><strong>Cum</strong></span> <span class='ocrx_word' id='word_1_178' title='bbox 1568 1239 1642 1286; x_wconf 89' lang='lat' dir='ltr'><strong>his</strong></span> <span class='ocrx_word' id='word_1_179' title='bbox 1683 1241 1748 1286; x_wconf 98' lang='lat' dir='ltr'><strong>M.</strong></span> <span class='ocrx_word' id='word_1_180' title='bbox 1783 1240 2010 1300; x_wconf 88' lang='lat' dir='ltr'><strong>Scaurus,</strong></span> <span class='ocrx_word' id='word_1_181' title='bbox 2053 1252 2208 1291; x_wconf 89' lang='lat' dir='ltr'><strong>custos</strong></span> <span class='ocrx_word' id='word_1_182' title='bbox 2240 1244 2323 1289; x_wconf 90' lang='lat' dir='ltr'><strong>ille</strong></span> <span class='ocrx_word' id='word_1_183' title='bbox 2355 1243 2514 1306; x_wconf 87' lang='lat' dir='ltr'><strong>reipu-</strong></span> 
     </span>
     <span class='ocr_line' id='line_1_15' title="bbox 170 1312 2514 1380; baseline 0.001 -19"><span class='ocrx_word' id='word_1_184' title='bbox 170 1316 331 1372; x_wconf 90' lang='lat' dir='ltr'><strong>blicae,</strong></span> <span class='ocrx_word' id='word_1_185' title='bbox 364 1330 484 1362; x_wconf 88' lang='lat' dir='ltr'><strong>anno</strong></span> <span class='ocrx_word' id='word_1_186' title='bbox 516 1314 684 1362; x_wconf 86' lang='lat' dir='ltr'><strong>aetatis</strong></span> <span class='ocrx_word' id='word_1_187' title='bbox 715 1316 897 1362; x_wconf 85' lang='lat' dir='ltr'>LXXII</span> <span class='ocrx_word' id='word_1_188' title='bbox 929 1315 1203 1377; x_wconf 86' lang='lat' dir='ltr'><strong>Caepionis,</strong></span> <span class='ocrx_word' id='word_1_189' title='bbox 1237 1313 1413 1360; x_wconf 82' lang='lat' dir='ltr'><strong>veteris</strong></span> <span class='ocrx_word' id='word_1_190' title='bbox 1445 1312 1621 1360; x_wconf 89' lang='lat' dir='ltr'><strong>inimici</strong></span> <span class='ocrx_word' id='word_1_191' title='bbox 1651 1314 1871 1379; x_wconf 52' lang='lat' dir='ltr'><strong>impulsq</strong></span> <span class='ocrx_word' id='word_1_192' title='bbox 1903 1330 1931 1360; x_wconf 89' lang='lat' dir='ltr'><strong>a</strong></span> <span class='ocrx_word' id='word_1_193' title='bbox 1960 1315 2138 1380; x_wconf 80' lang='lat' dir='ltr'><strong>Quinto</strong></span> <span class='ocrx_word' id='word_1_194' title='bbox 2170 1316 2315 1362; x_wconf 87' lang='lat' dir='ltr'><strong>Vario</strong></span> <span class='ocrx_word' id='word_1_195' title='bbox 2348 1318 2514 1363; x_wconf 86' lang='lat' dir='ltr'><strong>adesse</strong></span> 
     </span>
     <span class='ocr_line' id='line_1_16' title="bbox 169 1384 2515 1450; baseline 0.001 -16"><span class='ocrx_word' id='word_1_196' title='bbox 169 1388 293 1448; x_wconf 90' lang='lat' dir='ltr'><strong>apud</strong></span> <span class='ocrx_word' id='word_1_197' title='bbox 324 1403 376 1435; x_wconf 88' lang='lat' dir='ltr'><strong>se</strong></span> <span class='ocrx_word' id='word_1_198' title='bbox 409 1387 565 1435; x_wconf 83' lang='lat' dir='ltr'><strong>iussus</strong></span> <span class='ocrx_word' id='word_1_199' title='bbox 599 1394 686 1435; x_wconf 90' lang='lat' dir='ltr'><strong>est.</strong></span> <span class='ocrx_word' id='word_1_200' title='bbox 751 1388 929 1449; x_wconf 70' lang='lat' dir='ltr'><strong>Cuius,</strong></span> <span class='ocrx_word' id='word_1_201' title='bbox 959 1396 1010 1435; x_wconf 91' lang='lat' dir='ltr'><strong>ut</strong></span> <span class='ocrx_word' id='word_1_202' title='bbox 1041 1389 1090 1434; x_wconf 92' lang='lat' dir='ltr'><strong>in</strong></span> <span class='ocrx_word' id='word_1_203' title='bbox 1123 1387 1356 1450; x_wconf 88' lang='lat' dir='ltr'><strong>prioribus</strong></span> <span class='ocrx_word' id='word_1_204' title='bbox 1389 1384 1633 1448; x_wconf 86' lang='lat' dir='ltr'><strong>periculis,</strong></span> <span class='ocrx_word' id='word_1_205' title='bbox 1678 1385 1745 1431; x_wconf 87' lang='lat' dir='ltr'><strong>sic</strong></span> <span class='ocrx_word' id='word_1_206' title='bbox 1776 1385 1829 1431; x_wconf 80' lang='lat' dir='ltr'><strong>in</strong></span> <span class='ocrx_word' id='word_1_207' title='bbox 1856 1394 2067 1433; x_wconf 85' lang='lat' dir='ltr'><strong>extrema</strong></span> <span class='ocrx_word' id='word_1_208' title='bbox 2099 1404 2263 1435; x_wconf 88' lang='lat' dir='ltr'><strong>caussa</strong></span> <span class='ocrx_word' id='word_1_209' title='bbox 2294 1390 2515 1436; x_wconf 79' lang='lat' dir='ltr'><strong>versatile</strong></span> 
     </span>
     <span class='ocr_line' id='line_1_17' title="bbox 167 1458 2514 1525; baseline 0 -17"><span class='ocrx_word' id='word_1_210' title='bbox 167 1460 404 1523; x_wconf 84' lang='lat' dir='ltr'><strong>ingenium</strong></span> <span class='ocrx_word' id='word_1_211' title='bbox 438 1462 667 1523; x_wconf 84' lang='lat' dir='ltr'><strong>apparuit.</strong></span> <span class='ocrx_word' id='word_1_212' title='bbox 732 1462 888 1519; x_wconf 90' lang='lat' dir='ltr'><strong>„Nam</strong></span> <span class='ocrx_word' id='word_1_213' title='bbox 919 1479 1006 1525; x_wconf 89' lang='lat' dir='ltr'><strong>per</strong></span> <span class='ocrx_word' id='word_1_214' title='bbox 1036 1463 1263 1509; x_wconf 76' lang='lat' dir='ltr'><strong>viatorem</strong></span> <span class='ocrx_word' id='word_1_215' title='bbox 1296 1458 1571 1514; x_wconf 88' lang='lat' dir='ltr'><strong>accersitus,</strong></span> <span class='ocrx_word' id='word_1_216' title='bbox 1617 1475 1755 1519; x_wconf 89' lang='lat' dir='ltr'><strong>quum</strong></span> <span class='ocrx_word' id='word_1_217' title='bbox 1787 1458 1878 1504; x_wconf 89' lang='lat' dir='ltr'><strong>iam</strong></span> <span class='ocrx_word' id='word_1_218' title='bbox 1911 1477 1972 1506; x_wconf 87' lang='lat' dir='ltr'><strong>ex</strong></span> <span class='ocrx_word' id='word_1_219' title='bbox 2004 1463 2165 1507; x_wconf 90' lang='lat' dir='ltr'><strong>morbo</strong></span> <span class='ocrx_word' id='word_1_220' title='bbox 2197 1463 2319 1508; x_wconf 84' lang='lat' dir='ltr'><strong>male</strong></span> <span class='ocrx_word' id='word_1_221' title='bbox 2358 1464 2514 1509; x_wconf 68' lang='lat' dir='ltr'><strong>solve-</strong></span> 
     </span>
     <span class='ocr_line' id='line_1_18' title="bbox 170 1531 2515 1597; baseline 0 -17"><span class='ocrx_word' id='word_1_222' title='bbox 170 1540 326 1592; x_wconf 89' lang='lat' dir='ltr'><strong>retur,</strong></span> <span class='ocrx_word' id='word_1_223' title='bbox 368 1535 746 1582; x_wconf 85' lang='lat' dir='ltr'><strong>dissuadentibus</strong></span> <span class='ocrx_word' id='word_1_224' title='bbox 778 1535 959 1592; x_wconf 90' lang='lat' dir='ltr'><strong>amicis,</strong></span> <span class='ocrx_word' id='word_1_225' title='bbox 1007 1552 1067 1582; x_wconf 89' lang='lat' dir='ltr'><strong>ne</strong></span> <span class='ocrx_word' id='word_1_226' title='bbox 1101 1552 1152 1582; x_wconf 90' lang='lat' dir='ltr'><strong>se</strong></span> <span class='ocrx_word' id='word_1_227' title='bbox 1185 1535 1234 1580; x_wconf 91' lang='lat' dir='ltr'><strong>in</strong></span> <span class='ocrx_word' id='word_1_228' title='bbox 1266 1533 1346 1579; x_wconf 86' lang='lat' dir='ltr'><strong>illa</strong></span> <span class='ocrx_word' id='word_1_229' title='bbox 1377 1531 1644 1578; x_wconf 85' lang='lat' dir='ltr'><strong>valetudine</strong></span> <span class='ocrx_word' id='word_1_230' title='bbox 1678 1538 1725 1577; x_wconf 91' lang='lat' dir='ltr'><strong>et</strong></span> <span class='ocrx_word' id='word_1_231' title='bbox 1767 1539 1917 1578; x_wconf 85' lang='lat' dir='ltr'><strong>aetate</strong></span> <span class='ocrx_word' id='word_1_232' title='bbox 1959 1533 2162 1581; x_wconf 78' lang='lat' dir='ltr'><strong>invidiae</strong></span> <span class='ocrx_word' id='word_1_233' title='bbox 2203 1536 2366 1597; x_wconf 91' lang='lat' dir='ltr'><strong>populi</strong></span> <span class='ocrx_word' id='word_1_234' title='bbox 2399 1535 2515 1581; x_wconf 88' lang='lat' dir='ltr'><strong>obii-</strong></span> 
     </span>
     <span class='ocr_line' id='line_1_19' title="bbox 171 1603 2516 1669; baseline 0 -16"><span class='ocrx_word' id='word_1_235' title='bbox 171 1614 323 1664; x_wconf 91' lang='lat' dir='ltr'><strong>ceret,</strong></span> <span class='ocrx_word' id='word_1_236' title='bbox 364 1607 552 1654; x_wconf 82' lang='lat' dir='ltr'><strong>innixus</strong></span> <span class='ocrx_word' id='word_1_237' title='bbox 583 1607 886 1654; x_wconf 88' lang='lat' dir='ltr'><strong>nobilissimis</strong></span> <span class='ocrx_word' id='word_1_238' title='bbox 926 1608 1173 1654; x_wconf 85' lang='lat' dir='ltr'><strong>iuvenibus</strong></span> <span class='ocrx_word' id='word_1_239' title='bbox 1216 1604 1446 1668; x_wconf 88' lang='lat' dir='ltr'><strong>processit</strong></span> <span class='ocrx_word' id='word_1_240' title='bbox 1477 1603 1527 1649; x_wconf 91' lang='lat' dir='ltr'><strong>in</strong></span> <span class='ocrx_word' id='word_1_241' title='bbox 1556 1604 1735 1659; x_wconf 86' lang='lat' dir='ltr'><strong>forum,</strong></span> <span class='ocrx_word' id='word_1_242' title='bbox 1779 1604 1946 1651; x_wconf 90' lang='lat' dir='ltr'><strong>deinde</strong></span> <span class='ocrx_word' id='word_1_243' title='bbox 1980 1614 2170 1669; x_wconf 89' lang='lat' dir='ltr'><strong>accepto</strong></span> <span class='ocrx_word' id='word_1_244' title='bbox 2202 1607 2516 1669; x_wconf 88' lang='lat' dir='ltr'><strong>respondendi</strong></span> 
     </span>
     <span class='ocr_line' id='line_1_20' title="bbox 171 1675 2518 1743; baseline 0.001 -18"><span class='ocrx_word' id='word_1_245' title='bbox 171 1681 275 1725; x_wconf 95' lang='lat' dir='ltr'><strong>loco</strong></span> <span class='ocrx_word' id='word_1_246' title='bbox 309 1680 453 1726; x_wconf 80' lang='lat' dir='ltr'><strong>dixit:</strong></span> <span class='ocrx_word' id='word_1_247' title='bbox 497 1681 555 1743; x_wconf 95' lang='lat' dir='ltr'><strong>Q.</strong></span> <span class='ocrx_word' id='word_1_248' title='bbox 588 1680 761 1726; x_wconf 87' lang='lat' dir='ltr'><strong>Varius</strong></span> <span class='ocrx_word' id='word_1_249' title='bbox 796 1681 1036 1742; x_wconf 88' lang='lat' dir='ltr'><strong>Hispanus</strong></span> <span class='ocrx_word' id='word_1_250' title='bbox 1068 1682 1133 1727; x_wconf 89' lang='lat' dir='ltr'><strong>M.</strong></span> <span class='ocrx_word' id='word_1_251' title='bbox 1166 1681 1415 1732; x_wconf 88' lang='lat' dir='ltr'><strong>Scaurum,</strong></span> <span class='ocrx_word' id='word_1_252' title='bbox 1456 1675 1718 1737; x_wconf 90' lang='lat' dir='ltr'><strong>principem</strong></span> <span class='ocrx_word' id='word_1_253' title='bbox 1750 1683 1963 1734; x_wconf 87' lang='lat' dir='ltr'><strong>senatus,</strong></span> <span class='ocrx_word' id='word_1_254' title='bbox 2012 1678 2164 1725; x_wconf 90' lang='lat' dir='ltr'><strong>socios</strong></span> <span class='ocrx_word' id='word_1_255' title='bbox 2196 1679 2244 1727; x_wconf 90' lang='lat' dir='ltr'><strong>in</strong></span> <span class='ocrx_word' id='word_1_256' title='bbox 2285 1696 2412 1727; x_wconf 87' lang='lat' dir='ltr'><strong>arma</strong></span> <span class='ocrx_word' id='word_1_257' title='bbox 2453 1680 2518 1727; x_wconf 88' lang='lat' dir='ltr'><strong>ait</strong></span> 
     </span>
     <span class='ocr_line' id='line_1_21' title="bbox 172 1749 2517 1817; baseline 0 -17"><span class='ocrx_word' id='word_1_258' title='bbox 172 1769 481 1811; x_wconf 84' lang='lat' dir='ltr'><strong>convocasse3</strong></span> <span class='ocrx_word' id='word_1_259' title='bbox 511 1753 576 1800; x_wconf 90' lang='grc' dir='ltr'><strong>Μ.</strong></span> <span class='ocrx_word' id='word_1_260' title='bbox 610 1753 838 1812; x_wconf 87' lang='lat' dir='ltr'><strong>Scaurus,</strong></span> <span class='ocrx_word' id='word_1_261' title='bbox 870 1754 1090 1816; x_wconf 87' lang='lat' dir='ltr'><strong>princeps</strong></span> <span class='ocrx_word' id='word_1_262' title='bbox 1122 1758 1334 1806; x_wconf 87' lang='lat' dir='ltr'><strong>senatus,</strong></span> <span class='ocrx_word' id='word_1_263' title='bbox 1367 1754 1527 1809; x_wconf 82' lang='lat' dir='ltr'><strong>negat3</strong></span> <span class='ocrx_word' id='word_1_264' title='bbox 1560 1749 1694 1795; x_wconf 86' lang='lat' dir='ltr'><strong>testis</strong></span> <span class='ocrx_word' id='word_1_265' title='bbox 1727 1764 1864 1795; x_wconf 88' lang='lat' dir='ltr'><strong>nemo</strong></span> <span class='ocrx_word' id='word_1_266' title='bbox 1897 1756 1993 1809; x_wconf 86' lang='lat' dir='ltr'><strong>est3</strong></span> <span class='ocrx_word' id='word_1_267' title='bbox 2027 1752 2118 1798; x_wconf 89' lang='lat' dir='ltr'><strong>utri</strong></span> <span class='ocrx_word' id='word_1_268' title='bbox 2149 1768 2260 1811; x_wconf 77' lang='lat' dir='ltr'><strong>vos,</strong></span> <span class='ocrx_word' id='word_1_269' title='bbox 2294 1753 2517 1817; x_wconf 80' lang='lat' dir='ltr'><strong>Quirites,</strong></span> 
     </span>
     <span class='ocr_line' id='line_1_22' title="bbox 172 1822 2517 1889; baseline 0 -15"><span class='ocrx_word' id='word_1_270' title='bbox 172 1827 392 1874; x_wconf 82' lang='lat' dir='ltr'><strong>convenit</strong></span> <span class='ocrx_word' id='word_1_271' title='bbox 425 1827 691 1874; x_wconf 70' lang='lat' dir='ltr'><strong>credere?“</strong></span> <span class='ocrx_word' id='word_1_272' title='bbox 720 1826 799 1889; x_wconf 74' lang='lat'><strong>¹²⁰)</strong></span> <span class='ocrx_word' id='word_1_273' title='bbox 864 1826 944 1872; x_wconf 92' lang='lat' dir='ltr'><strong>Sic</strong></span> <span class='ocrx_word' id='word_1_274' title='bbox 976 1828 1178 1872; x_wconf 86' lang='lat' dir='ltr'><strong>Scaurus</strong></span> <span class='ocrx_word' id='word_1_275' title='bbox 1211 1824 1350 1871; x_wconf 90' lang='lat' dir='ltr'><strong>etiam</strong></span> <span class='ocrx_word' id='word_1_276' title='bbox 1392 1824 1480 1867; x_wconf 89' lang='lat' dir='ltr'><strong>hoc</strong></span> <span class='ocrx_word' id='word_1_277' title='bbox 1512 1822 1746 1878; x_wconf 80' lang='lat' dir='ltr'><strong>ultimum,</strong></span> <span class='ocrx_word' id='word_1_278' title='bbox 1788 1823 1836 1869; x_wconf 93' lang='lat' dir='ltr'><strong>in</strong></span> <span class='ocrx_word' id='word_1_279' title='bbox 1869 1825 1991 1884; x_wconf 91' lang='lat' dir='ltr'><strong>quod</strong></span> <span class='ocrx_word' id='word_1_280' title='bbox 2031 1832 2222 1872; x_wconf 75' lang='lat' dir='ltr'><strong>vocatus</strong></span> <span class='ocrx_word' id='word_1_281' title='bbox 2255 1833 2353 1884; x_wconf 92' lang='lat' dir='ltr'><strong>est,</strong></span> <span class='ocrx_word' id='word_1_282' title='bbox 2393 1827 2517 1874; x_wconf 90' lang='lat' dir='ltr'><strong>iudi-</strong></span> 
     </span>
     <span class='ocr_line' id='line_1_23' title="bbox 172 1892 2517 1963; baseline -0 -16"><span class='ocrx_word' id='word_1_283' title='bbox 172 1901 294 1947; x_wconf 84' lang='lat' dir='ltr'><strong>cium</strong></span> <span class='ocrx_word' id='word_1_284' title='bbox 327 1900 516 1963; x_wconf 80' lang='lat' dir='ltr'><strong>effugit,</strong></span> <span class='ocrx_word' id='word_1_285' title='bbox 565 1900 749 1947; x_wconf 92' lang='lat' dir='ltr'><strong>iudiciis</strong></span> <span class='ocrx_word' id='word_1_286' title='bbox 782 1906 936 1946; x_wconf 85' lang='lat' dir='ltr'><strong>autem</strong></span> <span class='ocrx_word' id='word_1_287' title='bbox 965 1900 1150 1946; x_wconf 88' lang='lat' dir='ltr'><strong>-bellum</strong></span> <span class='ocrx_word' id='word_1_288' title='bbox 1193 1897 1363 1945; x_wconf 87' lang='lat' dir='ltr'><strong>sociale</strong></span> <span class='ocrx_word' id='word_1_289' title='bbox 1397 1892 1717 1955; x_wconf 88' lang='lat' dir='ltr'><strong>civiliumque,</strong></span> <span class='ocrx_word' id='word_1_290' title='bbox 1764 1895 1855 1943; x_wconf 88' lang='lat' dir='ltr'><strong>iam</strong></span> <span class='ocrx_word' id='word_1_291' title='bbox 1894 1913 1986 1945; x_wconf 90' lang='lat' dir='ltr'><strong>non</strong></span> <span class='ocrx_word' id='word_1_292' title='bbox 2028 1899 2384 1957; x_wconf 85' lang='lat' dir='ltr'><strong>discordiarum,</strong></span> <span class='ocrx_word' id='word_1_293' title='bbox 2433 1902 2517 1947; x_wconf 91' lang='lat' dir='ltr'><strong>sed</strong></span> 
     </span>
     <span class='ocr_line' id='line_1_24' title="bbox 170 1971 1115 2035; baseline -0.002 -15"><span class='ocrx_word' id='word_1_294' title='bbox 170 1975 400 2020; x_wconf 88' lang='lat' dir='ltr'><strong>bellorum</strong></span> <span class='ocrx_word' id='word_1_295' title='bbox 432 1975 568 2020; x_wconf 85' lang='lat' dir='ltr'><strong>turba</strong></span> <span class='ocrx_word' id='word_1_296' title='bbox 600 1974 740 2020; x_wconf 89' lang='lat' dir='ltr'><strong>finem</strong></span> <span class='ocrx_word' id='word_1_297' title='bbox 773 1971 1007 2035; x_wconf 83' lang='lat' dir='ltr'><strong>imposuit.</strong></span> <span class='ocrx_word' id='word_1_298' title='bbox 1035 1971 1115 2034; x_wconf 77' lang='lat'><strong>¹²¹)</strong></span> 
     </span>
    </p>
   </div>
   <div class='ocr_carea' id='block_1_4' title="bbox 176 2253 1308 2514">
    <p class='ocr_par' dir='ltr' id='par_1_4' title="bbox 176 2253 1308 2514">
     <span class='ocr_line' id='line_1_25' title="bbox 176 2253 1305 2298; baseline -0.002 -11"><span class='ocrx_word' id='word_1_299' title='bbox 176 2258 236 2298; x_wconf 80' lang='lat'><strong>¹⁰⁸)</strong></span> <span class='ocrx_word' id='word_1_300' title='bbox 262 2255 329 2288; x_wconf 86' lang='lat' dir='ltr'><strong>Cic.</strong></span> <span class='ocrx_word' id='word_1_301' title='bbox 353 2255 396 2287; x_wconf 85' lang='lat' dir='ltr'><strong>de</strong></span> <span class='ocrx_word' id='word_1_302' title='bbox 420 2255 504 2298; x_wconf 77' lang='lat' dir='ltr'><strong>legg.</strong></span> <span class='ocrx_word' id='word_1_303' title='bbox 527 2257 558 2295; x_wconf 69' lang='lat'><strong>2,</strong></span> <span class='ocrx_word' id='word_1_304' title='bbox 581 2255 614 2296; x_wconf 81' lang='lat'><strong>6,</strong></span> <span class='ocrx_word' id='word_1_305' title='bbox 639 2257 689 2289; x_wconf 75' lang='lat'><strong>14.</strong></span> <span class='ocrx_word' id='word_1_306' title='bbox 736 2256 769 2293; x_wconf 80' lang='lat'><strong>2,</strong></span> <span class='ocrx_word' id='word_1_307' title='bbox 795 2256 845 2295; x_wconf 77' lang='lat'><strong>12,</strong></span> <span class='ocrx_word' id='word_1_308' title='bbox 866 2256 920 2289; x_wconf 84' lang='lat'><strong>31.</strong></span> <span class='ocrx_word' id='word_1_309' title='bbox 960 2264 1024 2298; x_wconf 86' lang='lat' dir='ltr'><strong>pro</strong></span> <span class='ocrx_word' id='word_1_310' title='bbox 1049 2253 1150 2286; x_wconf 85' lang='lat' dir='ltr'><strong>domo</strong></span> <span class='ocrx_word' id='word_1_311' title='bbox 1176 2253 1228 2293; x_wconf 78' lang='lat'><strong>16,</strong></span> <span class='ocrx_word' id='word_1_312' title='bbox 1251 2253 1305 2286; x_wconf 75' lang='lat'><strong>41.</strong></span> 
     </span>
     <span class='ocr_line' id='line_1_26' title="bbox 215 2295 1305 2342; baseline -0.001 -12"><span class='ocrx_word' id='word_1_313' title='bbox 215 2310 279 2342; x_wconf 83' lang='lat' dir='ltr'><strong>pro</strong></span> <span class='ocrx_word' id='word_1_314' title='bbox 296 2299 452 2331; x_wconf 81' lang='lat' dir='ltr'><strong>Cornelio</strong></span> <span class='ocrx_word' id='word_1_315' title='bbox 475 2298 514 2330; x_wconf 79' lang='lat' dir='ltr'><strong>fr.</strong></span> <span class='ocrx_word' id='word_1_316' title='bbox 542 2300 592 2337; x_wconf 86' lang='lat' dir='ltr'><strong>ll,</strong></span> <span class='ocrx_word' id='word_1_317' title='bbox 615 2309 647 2340; x_wconf 89' lang='lat' dir='ltr'><strong>p.</strong></span> <span class='ocrx_word' id='word_1_318' title='bbox 671 2300 735 2331; x_wconf 71' lang='lat'><strong>440</strong></span> <span class='ocrx_word' id='word_1_319' title='bbox 748 2298 809 2332; x_wconf 85' lang='lat' dir='ltr'><strong>Or.</strong></span> <span class='ocrx_word' id='word_1_320' title='bbox 845 2300 969 2331; x_wconf 79' lang='lat' dir='ltr'><strong>Ascon.</strong></span> <span class='ocrx_word' id='word_1_321' title='bbox 993 2298 1026 2337; x_wconf 81' lang='lat' dir='ltr'><strong>in</strong></span> <span class='ocrx_word' id='word_1_322' title='bbox 1039 2296 1175 2329; x_wconf 86' lang='lat' dir='ltr'><strong>Cornel.</strong></span> <span class='ocrx_word' id='word_1_323' title='bbox 1200 2308 1231 2338; x_wconf 84' lang='lat' dir='ltr'><strong>p.</strong></span> <span class='ocrx_word' id='word_1_324' title='bbox 1250 2295 1305 2329; x_wconf 81' lang='lat'><strong>68.</strong></span> 
     </span>
     <span class='ocr_line' id='line_1_27' title="bbox 215 2338 1305 2375; baseline -0.003 -1"><span class='ocrx_word' id='word_1_325' title='bbox 215 2345 336 2374; x_wconf 76' lang='lat' dir='ltr'><strong>senec.</strong></span> <span class='ocrx_word' id='word_1_326' title='bbox 369 2351 461 2373; x_wconf 88' lang='lat' dir='ltr'><strong>cons.</strong></span> <span class='ocrx_word' id='word_1_327' title='bbox 493 2340 536 2373; x_wconf 83' lang='lat' dir='ltr'><strong>ad</strong></span> <span class='ocrx_word' id='word_1_328' title='bbox 566 2341 677 2374; x_wconf 77' lang='lat' dir='ltr'><strong>Marc.</strong></span> <span class='ocrx_word' id='word_1_329' title='bbox 704 2342 761 2375; x_wconf 77' lang='lat'><strong>16:</strong></span> <span class='ocrx_word' id='word_1_330' title='bbox 808 2340 965 2374; x_wconf 79' lang='lat' dir='ltr'><strong>Cornelia</strong></span> <span class='ocrx_word' id='word_1_331' title='bbox 993 2339 1125 2374; x_wconf 85' lang='lat' dir='ltr'><strong>Livium</strong></span> <span class='ocrx_word' id='word_1_332' title='bbox 1159 2338 1305 2373; x_wconf 86' lang='lat' dir='ltr'><strong>Drusum</strong></span> 
     </span>
     <span class='ocr_line' id='line_1_28' title="bbox 215 2384 1307 2427; baseline -0.003 -11"><span class='ocrx_word' id='word_1_333' title='bbox 215 2385 433 2417; x_wconf 81' lang='lat' dir='ltr'><strong>clarissimum</strong></span> <span class='ocrx_word' id='word_1_334' title='bbox 471 2384 643 2423; x_wconf 76' lang='lat' dir='ltr'><strong>iuvenem,</strong></span> <span class='ocrx_word' id='word_1_335' title='bbox 680 2384 818 2416; x_wconf 77' lang='lat' dir='ltr'><strong>illustris</strong></span> <span class='ocrx_word' id='word_1_336' title='bbox 851 2385 992 2427; x_wconf 74' lang='lat' dir='ltr'><strong>ingenii,</strong></span> <span class='ocrx_word' id='word_1_337' title='bbox 1029 2384 1209 2416; x_wconf 78' lang='lat' dir='ltr'><strong>vadentem</strong></span> <span class='ocrx_word' id='word_1_338' title='bbox 1243 2392 1307 2424; x_wconf 85' lang='lat' dir='ltr'><strong>per</strong></span> 
     </span>
     <span class='ocr_line' id='line_1_29' title="bbox 215 2424 1306 2471; baseline -0.005 -10"><span class='ocrx_word' id='word_1_339' title='bbox 215 2427 418 2461; x_wconf 76' lang='lat' dir='ltr'><strong>Gracchana</strong></span> <span class='ocrx_word' id='word_1_340' title='bbox 434 2427 585 2470; x_wconf 78' lang='lat' dir='ltr'><strong>vestigia,</strong></span> <span class='ocrx_word' id='word_1_341' title='bbox 608 2427 882 2470; x_wconf 76' lang='lat' dir='ltr'><strong>imperfectis</strong></span> <span class='ocrx_word' id='word_1_342' title='bbox 905 2432 971 2460; x_wconf 82' lang='lat' dir='ltr'><strong>tot</strong></span> <span class='ocrx_word' id='word_1_343' title='bbox 993 2424 1306 2471; x_wconf 84' lang='lat' dir='ltr'><strong>rogationibus</strong></span> 
     </span>
     <span class='ocr_line' id='line_1_30' title="bbox 212 2469 1308 2514; baseline -0.005 -8"><span class='ocrx_word' id='word_1_344' title='bbox 212 2473 302 2506; x_wconf 78' lang='lat' dir='ltr'><strong>intra</strong></span> <span class='ocrx_word' id='word_1_345' title='bbox 333 2476 475 2514; x_wconf 83' lang='lat' dir='ltr'><strong>penates</strong></span> <span class='ocrx_word' id='word_1_346' title='bbox 497 2471 705 2504; x_wconf 81' lang='lat' dir='ltr'><strong>interemtum</strong></span> <span class='ocrx_word' id='word_1_347' title='bbox 728 2483 807 2504; x_wconf 86' lang='lat' dir='ltr'><strong>suos</strong></span> <span class='ocrx_word' id='word_1_348' title='bbox 831 2473 1005 2513; x_wconf 82' lang='lat' dir='ltr'><strong>amiserat,</strong></span> <span class='ocrx_word' id='word_1_349' title='bbox 1038 2472 1168 2504; x_wconf 84' lang='lat' dir='ltr'><strong>incerto</strong></span> <span class='ocrx_word' id='word_1_350' title='bbox 1190 2469 1308 2503; x_wconf 81' lang='lat' dir='ltr'><strong>caedis</strong></span> 
     </span>
    </p>
   </div>
   <div class='ocr_carea' id='block_1_5' title="bbox 1392 2249 2517 2510">
    <p class='ocr_par' dir='ltr' id='par_1_5' title="bbox 1431 2249 2517 2382">
     <span class='ocr_line' id='line_1_31' title="bbox 1432 2249 2517 2299; baseline 0.005 -16"><span class='ocrx_word' id='word_1_351' title='bbox 1432 2250 1504 2286; x_wconf 80' lang='grc' dir='ltr'><strong>τούς</strong></span> <span class='ocrx_word' id='word_1_352' title='bbox 1525 2249 1679 2285; x_wconf 74' lang='grc' dir='ltr'><strong>δυνατούς</strong></span> <span class='ocrx_word' id='word_1_353' title='bbox 1701 2249 1844 2287; x_wconf 67' lang='grc' dir='ltr'><strong>ἅπαντας</strong></span> <span class='ocrx_word' id='word_1_354' title='bbox 1866 2251 1981 2286; x_wconf 61' lang='lat' dir='ltr'><strong>acriam</strong></span> <span class='ocrx_word' id='word_1_355' title='bbox 1995 2255 2040 2290; x_wconf 75' lang='grc' dir='ltr'><strong>εἷς</strong></span> <span class='ocrx_word' id='word_1_356' title='bbox 2063 2254 2208 2298; x_wconf 75' lang='grc' dir='ltr'><strong><em>ἔγκλημα</em></strong></span> <span class='ocrx_word' id='word_1_357' title='bbox 2229 2255 2517 2299; x_wconf 54' lang='grc' dir='ltr'><strong>Ιἰττιίμθιινωνἑπά-</strong></span> 
     </span>
     <span class='ocr_line' id='line_1_32' title="bbox 1432 2294 2517 2340; baseline 0.006 -15"><span class='ocrx_word' id='word_1_358' title='bbox 1432 2295 1545 2330; x_wconf 64' lang='lat' dir='ltr'><strong>§suffla</strong></span> <span class='ocrx_word' id='word_1_359' title='bbox 1572 2295 1627 2325; x_wconf 72' lang='lat' dir='ltr'><strong>mei</strong></span> <span class='ocrx_word' id='word_1_360' title='bbox 1655 2294 1801 2326; x_wconf 71' lang='grc' dir='ltr'><strong>δικάσειν</strong></span> <span class='ocrx_word' id='word_1_361' title='bbox 1820 2295 1883 2337; x_wconf 66' lang='grc' dir='ltr'><strong>μὲν</strong></span> <span class='ocrx_word' id='word_1_362' title='bbox 1906 2297 2007 2334; x_wconf 75' lang='grc' dir='ltr'><strong>αὐτοὶ,</strong></span> <span class='ocrx_word' id='word_1_363' title='bbox 2039 2300 2226 2340; x_wconf 69' lang='grc' dir='ltr'><strong><em>γενομένων</em></strong></span> <span class='ocrx_word' id='word_1_364' title='bbox 2249 2299 2285 2330; x_wconf 73' lang='grc' dir='ltr'><strong>δ’</strong></span> <span class='ocrx_word' id='word_1_365' title='bbox 2310 2300 2443 2332; x_wconf 62' lang='grc' dir='ltr'><strong>(κείνων</strong></span> <span class='ocrx_word' id='word_1_366' title='bbox 2465 2301 2517 2333; x_wconf 68' lang='grc' dir='ltr'><strong>ἐκ·</strong></span> 
     </span>
     <span class='ocr_line' id='line_1_33' title="bbox 1431 2335 2259 2382; baseline 0.007 -14"><span class='ocrx_word' id='word_1_367' title='bbox 1431 2335 1548 2371; x_wconf 60' lang='grc' dir='ltr'><em>ποδῶν</em></span> <span class='ocrx_word' id='word_1_368' title='bbox 1570 2337 1795 2382; x_wconf 67' lang='grc' dir='ltr'><strong>δυνατώτερον</strong></span> <span class='ocrx_word' id='word_1_369' title='bbox 1818 2340 1866 2371; x_wconf 73' lang='grc' dir='ltr'><strong>ἔτι</strong></span> <span class='ocrx_word' id='word_1_370' title='bbox 1887 2339 1941 2379; x_wconf 76' lang='grc' dir='ltr'><strong>τῆς</strong></span> <span class='ocrx_word' id='word_1_371' title='bbox 1961 2341 2083 2375; x_wconf 75' lang='grc' dir='ltr'><strong><em>πόλεως</em></strong></span> <span class='ocrx_word' id='word_1_372' title='bbox 2104 2342 2164 2373; x_wconf 75' lang='grc' dir='ltr'><strong>ἐπι·</strong></span> <span class='ocrx_word' id='word_1_373' title='bbox 2186 2344 2259 2379; x_wconf 63' lang='lat' dir='ltr'><strong>§sm</strong></span> 
     </span>
    </p>

    <p class='ocr_par' dir='ltr' id='par_1_6' title="bbox 1392 2379 2396 2464">
     <span class='ocr_line' id='line_1_34' title="bbox 1392 2379 2396 2464; baseline 0.008 -55"><span class='ocrx_word' id='word_1_374' title='bbox 1392 2380 1452 2464; x_wconf 52' lang='lat'><strong>:³3</strong></span> <span class='ocrx_word' id='word_1_375' title='bbox 1473 2379 1650 2454; x_wconf 37' lang='lat' dir='ltr'><strong>zvlscssopdn</strong></span> <span class='ocrx_word' id='word_1_376' title='bbox 1671 2381 1787 2412; x_wconf 82' lang='lat' dir='ltr'><strong>Scaur.</strong></span> <span class='ocrx_word' id='word_1_377' title='bbox 1811 2391 1843 2424; x_wconf 88' lang='lat' dir='ltr'><strong>p.</strong></span> <span class='ocrx_word' id='word_1_378' title='bbox 1867 2383 1909 2415; x_wconf 73' lang='lat'><strong>‘22</strong></span> <span class='ocrx_word' id='word_1_379' title='bbox 1932 2381 1993 2414; x_wconf 89' lang='grc' dir='ltr'>Οι·.</span> <span class='ocrx_word' id='word_1_380' title='bbox 2039 2383 2112 2415; x_wconf 71' lang='lat' dir='ltr'><strong>val.</strong></span> <span class='ocrx_word' id='word_1_381' title='bbox 2177 2394 2231 2416; x_wconf 79' lang='lat' dir='ltr'><strong>ax.</strong></span> <span class='ocrx_word' id='word_1_382' title='bbox 2254 2386 2287 2426; x_wconf 79' lang='lat'><strong>8,</strong></span> <span class='ocrx_word' id='word_1_383' title='bbox 2311 2385 2343 2427; x_wconf 83' lang='grc'><strong>6,</strong></span> <span class='ocrx_word' id='word_1_384' title='bbox 2366 2388 2396 2419; x_wconf 76' lang='grc'><strong>4.</strong></span> 
     </span>
    </p>

    <p class='ocr_par' dir='ltr' id='par_1_7' title="bbox 1393 2432 1941 2510">
     <span class='ocr_line' id='line_1_35' title="bbox 1393 2432 1941 2510; baseline 0.009 -13"><span class='ocrx_word' id='word_1_385' title='bbox 1393 2467 1452 2508; x_wconf 81' lang='lat'><strong>¹¹²)</strong></span> <span class='ocrx_word' id='word_1_386' title='bbox 1475 2476 1508 2498; x_wconf 85' lang='lat' dir='ltr'><strong>v.</strong></span> <span class='ocrx_word' id='word_1_387' title='bbox 1532 2432 1640 2498; x_wconf 46' lang='lat' dir='ltr'><strong>deveo·</strong></span> <span class='ocrx_word' id='word_1_388' title='bbox 1659 2466 1775 2500; x_wconf 84' lang='lat' dir='ltr'><strong>Drum.</strong></span> <span class='ocrx_word' id='word_1_389' title='bbox 1799 2466 1820 2499; x_wconf 79' lang='lat'>2</span> <span class='ocrx_word' id='word_1_390' title='bbox 1843 2478 1875 2510; x_wconf 84' lang='lat' dir='ltr'><strong>p.</strong></span> <span class='ocrx_word' id='word_1_391' title='bbox 1899 2469 1941 2502; x_wconf 87' lang='grc'><strong>96</strong></span> 
     </span>
    </p>
   </div>
   <div class='ocr_carea' id='block_1_6' title="bbox 212 2522 361 2547">
    <p class='ocr_par' dir='ltr' id='par_1_8' title="bbox 212 2522 361 2547">
     <span class='ocr_line' id='line_1_36' title="bbox 212 2522 361 2547; baseline -0.013 0"><span class='ocrx_word' id='word_1_392' title='bbox 212 2522 361 2547; x_wconf 76' lang='lat' dir='ltr'><strong>auctore.</strong></span> 
     </span>
    </p>
   </div>
   <div class='ocr_carea' id='block_1_7' title="bbox 173 2566 1307 2796">
    <p class='ocr_par' dir='ltr' id='par_1_9' title="bbox 175 2566 1307 2654">
     <span class='ocr_line' id='line_1_37' title="bbox 175 2566 1307 2613; baseline -0.004 -10"><span class='ocrx_word' id='word_1_393' title='bbox 175 2574 232 2612; x_wconf 69' lang='lat'><strong>¹⁰²¹)</strong></span> <span class='ocrx_word' id='word_1_394' title='bbox 257 2570 325 2603; x_wconf 85' lang='lat' dir='ltr'><strong>Cic.</strong></span> <span class='ocrx_word' id='word_1_395' title='bbox 351 2579 403 2612; x_wconf 85' lang='lat' dir='ltr'><strong>pr.</strong></span> <span class='ocrx_word' id='word_1_396' title='bbox 426 2566 558 2601; x_wconf 86' lang='lat' dir='ltr'><strong>Milone</strong></span> <span class='ocrx_word' id='word_1_397' title='bbox 581 2569 612 2608; x_wconf 88' lang='lat'><strong>7,</strong></span> <span class='ocrx_word' id='word_1_398' title='bbox 637 2568 686 2602; x_wconf 82' lang='lat'><strong>16.</strong></span> <span class='ocrx_word' id='word_1_399' title='bbox 730 2569 910 2613; x_wconf 78' lang='grc' dir='ltr'><em>προστάτης</em></span> <span class='ocrx_word' id='word_1_400' title='bbox 930 2569 983 2609; x_wconf 78' lang='grc' dir='ltr'><strong>τῆς</strong></span> <span class='ocrx_word' id='word_1_401' title='bbox 1005 2569 1180 2612; x_wconf 72' lang='grc' dir='ltr'><strong><em>συγκλήτου</em></strong></span> <span class='ocrx_word' id='word_1_402' title='bbox 1203 2566 1307 2600; x_wconf 87' lang='lat' dir='ltr'><strong>nomi-</strong></span> 
     </span>
     <span class='ocr_line' id='line_1_38' title="bbox 213 2611 867 2654; baseline -0.008 -8"><span class='ocrx_word' id='word_1_403' title='bbox 213 2620 311 2646; x_wconf 82' lang='lat' dir='ltr'><strong>natur</strong></span> <span class='ocrx_word' id='word_1_404' title='bbox 333 2624 388 2654; x_wconf 84' lang='lat' dir='ltr'><strong>ap.</strong></span> <span class='ocrx_word' id='word_1_405' title='bbox 415 2611 520 2642; x_wconf 88' lang='lat' dir='ltr'><strong>Diod.</strong></span> <span class='ocrx_word' id='word_1_406' title='bbox 544 2621 615 2642; x_wconf 75' lang='lat' dir='ltr'><strong>exc.</strong></span> <span class='ocrx_word' id='word_1_407' title='bbox 639 2622 660 2654; x_wconf 86' lang='lat' dir='ltr'><strong>p</strong></span> <span class='ocrx_word' id='word_1_408' title='bbox 683 2612 759 2644; x_wconf 77' lang='lat'><strong>611.</strong></span> <span class='ocrx_word' id='word_1_409' title='bbox 784 2616 867 2642; x_wconf 74' lang='lat' dir='ltr'><strong>extr.</strong></span> 
     </span>
    </p>

    <p class='ocr_par' dir='ltr' id='par_1_10' title="bbox 173 2662 621 2743">
     <span class='ocr_line' id='line_1_39' title="bbox 173 2668 621 2740; baseline -0.009 4"><span class='ocrx_word' id='word_1_410' title='bbox 173 2668 232 2733; x_wconf 63' lang='lat'><strong>2:⁴1&gt;</strong></span> <span class='ocrx_word' id='word_1_411' title='bbox 411 2676 455 2740; x_wconf 51' lang='grc' dir='ltr'><strong>ι»,</strong></span> <span class='ocrx_word' id='word_1_412' title='bbox 600 2709 621 2740; x_wconf 70' lang='lat'><strong>2</strong></span> 
     </span>
    </p>

    <p class='ocr_par' dir='ltr' id='par_1_11' title="bbox 174 2719 632 2796">
     <span class='ocr_line' id='line_1_40' title="bbox 174 2719 632 2796; baseline -0.009 -9"><span class='ocrx_word' id='word_1_413' title='bbox 174 2719 232 2796; x_wconf 68' lang='lat'><strong>...3</strong></span> <span class='ocrx_word' id='word_1_414' title='bbox 256 2723 353 2794; x_wconf 62' lang='lat'><strong>12:⁰3,</strong></span> <span class='ocrx_word' id='word_1_415' title='bbox 372 2721 464 2794; x_wconf 62' lang='lat'><strong>⁸2⁰3:</strong></span> <span class='ocrx_word' id='word_1_416' title='bbox 513 2733 523 2747; x_wconf 83' lang='lat'>’</span> <span class='ocrx_word' id='word_1_417' title='bbox 569 2732 577 2739; x_wconf 93' lang='lat'><strong>·</strong></span> <span class='ocrx_word' id='word_1_418' title='bbox 623 2732 632 2739; x_wconf 89' lang='lat'><strong>·</strong></span> 
     </span>
    </p>
   </div>
   <div class='ocr_carea' id='block_1_8' title="bbox 174 2806 1304 2947">
    <p class='ocr_par' dir='ltr' id='par_1_12' title="bbox 174 2806 1304 2947">
     <span class='ocr_line' id='line_1_41' title="bbox 174 2806 606 2850; baseline -0.007 -9"><span class='ocrx_word' id='word_1_419' title='bbox 174 2810 233 2849; x_wconf 82' lang='lat'><strong>¹¹³)</strong></span> <span class='ocrx_word' id='word_1_420' title='bbox 257 2810 343 2850; x_wconf 82' lang='lat' dir='ltr'><strong>App.</strong></span> <span class='ocrx_word' id='word_1_421' title='bbox 365 2807 409 2840; x_wconf 87' lang='lat' dir='ltr'><strong>B.</strong></span> <span class='ocrx_word' id='word_1_422' title='bbox 435 2806 473 2840; x_wconf 87' lang='lat' dir='ltr'><strong>C.</strong></span> <span class='ocrx_word' id='word_1_423' title='bbox 500 2808 528 2845; x_wconf 87' lang='lat' dir='ltr'><strong>l,</strong></span> <span class='ocrx_word' id='word_1_424' title='bbox 551 2807 606 2839; x_wconf 83' lang='lat'><strong>37.</strong></span> 
     </span>
     <span class='ocr_line' id='line_1_42' title="bbox 174 2860 1304 2935; baseline -0.003 -41"><span class='ocrx_word' id='word_1_425' title='bbox 174 2862 232 2903; x_wconf 80' lang='lat'><strong>¹¹⁴)</strong></span> <span class='ocrx_word' id='word_1_426' title='bbox 256 2862 342 2904; x_wconf 82' lang='lat' dir='ltr'><strong>App.</strong></span> <span class='ocrx_word' id='word_1_427' title='bbox 364 2862 386 2894; x_wconf 90' lang='grc'><strong>1.</strong></span> <span class='ocrx_word' id='word_1_428' title='bbox 409 2861 429 2894; x_wconf 92' lang='grc' dir='ltr'><strong>Ι.</strong></span> <span class='ocrx_word' id='word_1_429' title='bbox 453 2862 485 2894; x_wconf 77' lang='grc' dir='ltr'><strong>οἱ</strong></span> <span class='ocrx_word' id='word_1_430' title='bbox 507 2862 618 2896; x_wconf 71' lang='grc' dir='ltr'><strong><em>ἱππεῖς</em></strong></span> <span class='ocrx_word' id='word_1_431' title='bbox 638 2877 683 2911; x_wconf 43' lang='grc'><strong>-.</strong></span> <span class='ocrx_word' id='word_1_432' title='bbox 704 2877 748 2884; x_wconf 87' lang='grc'>-</span> <span class='ocrx_word' id='word_1_433' title='bbox 790 2861 937 2910; x_wconf 41' lang='grc' dir='ltr'><strong>ᾖΚόϊντον</strong></span> <span class='ocrx_word' id='word_1_434' title='bbox 957 2860 1304 2935; x_wconf 46' lang='grc' dir='ltr'><strong>9ὖαζροον·δήμαῖἷοοιν</strong></span> 
     </span>
     <span class='ocr_line' id='line_1_43' title="bbox 211 2905 1298 2947; baseline -0.002 -10"><span class='ocrx_word' id='word_1_435' title='bbox 211 2908 343 2937; x_wconf 66' lang='grc' dir='ltr'><strong>ἔπεισαν</strong></span> <span class='ocrx_word' id='word_1_436' title='bbox 367 2908 595 2946; x_wconf 56' lang='lat' dir='ltr'><strong>&amp;myricas-91⁰</strong></span> <span class='ocrx_word' id='word_1_437' title='bbox 627 2914 750 2947; x_wconf 72' lang='grc' dir='ltr'><strong><em>κρισεις</em></strong></span> <span class='ocrx_word' id='word_1_438' title='bbox 771 2911 855 2936; x_wconf 60' lang='grc' dir='ltr'><strong><em>εῖναι</em></strong></span> <span class='ocrx_word' id='word_1_439' title='bbox 883 2915 964 2935; x_wconf 78' lang='grc' dir='ltr'><strong>κατα</strong></span> <span class='ocrx_word' id='word_1_440' title='bbox 985 2915 1050 2936; x_wconf 69' lang='grc' dir='ltr'><strong>των</strong></span> <span class='ocrx_word' id='word_1_441' title='bbox 1070 2914 1138 2939; x_wconf 80' lang='grc' dir='ltr'><strong><em>τοις</em></strong></span> <span class='ocrx_word' id='word_1_442' title='bbox 1160 2905 1222 2936; x_wconf 76' lang='lat' dir='ltr'><strong>’lm</strong></span> <span class='ocrx_word' id='word_1_443' title='bbox 1283 2921 1298 2928; x_wconf 96' lang='lat'>-</span> 
     </span>
    </p>
   </div>
   <div class='ocr_carea' id='block_1_9' title="bbox 211 2948 1299 2994">
    <p class='ocr_par' dir='ltr' id='par_1_13' title="bbox 211 2948 1299 2994">
     <span class='ocr_line' id='line_1_44' title="bbox 211 2948 1299 2994; baseline -0.003 -12"><span class='ocrx_word' id='word_1_444' title='bbox 211 2959 281 2985; x_wconf 76' lang='grc' dir='ltr'><strong>ταις</strong></span> <span class='ocrx_word' id='word_1_445' title='bbox 299 2950 353 2983; x_wconf 69' lang='grc' dir='ltr'><strong>ἐπὶ</strong></span> <span class='ocrx_word' id='word_1_446' title='bbox 374 2949 413 2982; x_wconf 77' lang='grc' dir='ltr'><strong>πὶ</strong></span> <span class='ocrx_word' id='word_1_447' title='bbox 430 2950 522 2982; x_wconf 72' lang='grc' dir='ltr'><strong><em>κοινά</em></strong></span> <span class='ocrx_word' id='word_1_448' title='bbox 541 2948 691 2994; x_wconf 66' lang='grc' dir='ltr'><strong>φανερῶς</strong></span> <span class='ocrx_word' id='word_1_449' title='bbox 710 2948 731 2988; x_wconf 77' lang='grc' dir='ltr'><em>ἤ</em></span> <span class='ocrx_word' id='word_1_450' title='bbox 744 2951 855 2993; x_wconf 63' lang='grc' dir='ltr'><strong><em>κρύφα</em></strong></span> <span class='ocrx_word' id='word_1_451' title='bbox 869 2950 1088 2989; x_wconf 72' lang='grc' dir='ltr'><strong>βοηθούντων,</strong></span> <span class='ocrx_word' id='word_1_452' title='bbox 1112 2949 1299 2981; x_wconf 69' lang='grc' dir='ltr'><strong>ἐλπίσαντες</strong></span> 
     </span>
    </p>
   </div>
   <div class='ocr_carea' id='block_1_10' title="bbox 1392 2507 2518 2901">
    <p class='ocr_par' dir='ltr' id='par_1_14' title="bbox 1393 2507 2358 2552">
     <span class='ocr_line' id='line_1_45' title="bbox 1393 2507 2358 2552; baseline 0.007 -12"><span class='ocrx_word' id='word_1_453' title='bbox 1393 2509 1451 2550; x_wconf 71' lang='lat'><strong>¹¹⁸)</strong></span> <span class='ocrx_word' id='word_1_454' title='bbox 1474 2507 1544 2541; x_wconf 83' lang='lat' dir='ltr'><strong>Cic.</strong></span> <span class='ocrx_word' id='word_1_455' title='bbox 1566 2507 1662 2540; x_wconf 80' lang='lat' dir='ltr'><strong>Brut.</strong></span> <span class='ocrx_word' id='word_1_456' title='bbox 1685 2509 1738 2549; x_wconf 77' lang='lat'><strong>30,</strong></span> <span class='ocrx_word' id='word_1_457' title='bbox 1763 2510 1835 2544; x_wconf 80' lang='lat'><strong>115.</strong></span> <span class='ocrx_word' id='word_1_458' title='bbox 1872 2509 1914 2543; x_wconf 84' lang='lat' dir='ltr'><strong>de</strong></span> <span class='ocrx_word' id='word_1_459' title='bbox 1937 2521 1986 2545; x_wconf 86' lang='lat' dir='ltr'><strong>or.</strong></span> <span class='ocrx_word' id='word_1_460' title='bbox 2012 2511 2041 2550; x_wconf 80' lang='grc'><strong>1,</strong></span> <span class='ocrx_word' id='word_1_461' title='bbox 2064 2509 2117 2552; x_wconf 85' lang='grc'><strong>53,</strong></span> <span class='ocrx_word' id='word_1_462' title='bbox 2139 2511 2214 2546; x_wconf 70' lang='lat'><strong>229.</strong></span> <span class='ocrx_word' id='word_1_463' title='bbox 2354 2539 2358 2541; x_wconf 90' lang='lat'><strong>.</strong></span> 
     </span>
    </p>

    <p class='ocr_par' dir='ltr' id='par_1_15' title="bbox 1393 2551 2518 2597">
     <span class='ocr_line' id='line_1_46' title="bbox 1393 2551 2518 2597; baseline 0.004 -13"><span class='ocrx_word' id='word_1_464' title='bbox 1393 2553 1452 2595; x_wconf 71' lang='lat'><strong>¹¹⁹)</strong></span> <span class='ocrx_word' id='word_1_465' title='bbox 1476 2551 1520 2585; x_wconf 86' lang='lat' dir='ltr'><strong>(le</strong></span> <span class='ocrx_word' id='word_1_466' title='bbox 1541 2562 1591 2585; x_wconf 80' lang='lat' dir='ltr'><strong>or.</strong></span> <span class='ocrx_word' id='word_1_467' title='bbox 1619 2554 1654 2590; x_wconf 87' lang='grc' dir='ltr'><strong>Ι,</strong></span> <span class='ocrx_word' id='word_1_468' title='bbox 1686 2554 1716 2592; x_wconf 94' lang='grc'><strong>7,</strong></span> <span class='ocrx_word' id='word_1_469' title='bbox 1738 2554 1789 2587; x_wconf 76' lang='lat'><strong>25.</strong></span> <span class='ocrx_word' id='word_1_470' title='bbox 1833 2555 2008 2597; x_wconf 80' lang='lat' dir='ltr'><strong>Appiauns</strong></span> <span class='ocrx_word' id='word_1_471' title='bbox 2031 2555 2082 2589; x_wconf 81' lang='lat' dir='ltr'><strong>his</strong></span> <span class='ocrx_word' id='word_1_472' title='bbox 2104 2556 2199 2590; x_wconf 83' lang='lat' dir='ltr'><strong>addit</strong></span> <span class='ocrx_word' id='word_1_473' title='bbox 2221 2556 2436 2596; x_wconf 84' lang='lat' dir='ltr'><strong>Mummium,</strong></span> <span class='ocrx_word' id='word_1_474' title='bbox 2467 2569 2518 2589; x_wconf 86' lang='lat' dir='ltr'><strong>er·</strong></span> 
     </span>
    </p>

    <p class='ocr_par' dir='ltr' id='par_1_16' title="bbox 1402 2595 2516 2678">
     <span class='ocr_line' id='line_1_47' title="bbox 1402 2595 2516 2644; baseline 0.007 -19"><span class='ocrx_word' id='word_1_475' title='bbox 1402 2617 1406 2622; x_wconf 90' lang='lat'><strong>.</strong></span> <span class='ocrx_word' id='word_1_476' title='bbox 1431 2605 1517 2634; x_wconf 84' lang='lat' dir='ltr'><strong>rore,</strong></span> <span class='ocrx_word' id='word_1_477' title='bbox 1541 2601 1576 2626; x_wconf 86' lang='lat' dir='ltr'><strong>ut</strong></span> <span class='ocrx_word' id='word_1_478' title='bbox 1598 2595 1737 2634; x_wconf 85' lang='lat' dir='ltr'><strong>videtur,</strong></span> <span class='ocrx_word' id='word_1_479' title='bbox 1760 2597 1821 2628; x_wconf 84' lang='lat' dir='ltr'><strong>nisi</strong></span> <span class='ocrx_word' id='word_1_480' title='bbox 1843 2597 1930 2630; x_wconf 74' lang='lat' dir='ltr'><strong>sorte</strong></span> <span class='ocrx_word' id='word_1_481' title='bbox 1942 2598 2137 2631; x_wconf 85' lang='lat' dir='ltr'><strong>Mummium</strong></span> <span class='ocrx_word' id='word_1_482' title='bbox 2161 2599 2203 2633; x_wconf 73' lang='grc'><strong>54</strong></span> <span class='ocrx_word' id='word_1_483' title='bbox 2219 2600 2314 2632; x_wconf 81' lang='lat' dir='ltr'><strong>annis</strong></span> <span class='ocrx_word' id='word_1_484' title='bbox 2336 2606 2414 2644; x_wconf 84' lang='lat' dir='ltr'><strong>post</strong></span> <span class='ocrx_word' id='word_1_485' title='bbox 2430 2600 2516 2633; x_wconf 86' lang='lat' dir='ltr'><strong>Con-</strong></span> 
     </span>
     <span class='ocr_line' id='line_1_48' title="bbox 1430 2637 2230 2678; baseline 0.009 -8"><span class='ocrx_word' id='word_1_486' title='bbox 1430 2637 1571 2672; x_wconf 79' lang='lat' dir='ltr'><strong>sulatum</strong></span> <span class='ocrx_word' id='word_1_487' title='bbox 1594 2649 1687 2672; x_wconf 84' lang='lat' dir='ltr'><strong>suum</strong></span> <span class='ocrx_word' id='word_1_488' title='bbox 1709 2645 1898 2675; x_wconf 80' lang='lat' dir='ltr'><strong>accusatum</strong></span> <span class='ocrx_word' id='word_1_489' title='bbox 1920 2641 2021 2676; x_wconf 70' lang='lat' dir='ltr'><strong>luisse</strong></span> <span class='ocrx_word' id='word_1_490' title='bbox 2043 2642 2230 2678; x_wconf 78' lang='lat' dir='ltr'><strong>credamus.</strong></span> 
     </span>
    </p>

    <p class='ocr_par' dir='ltr' id='par_1_17' title="bbox 1393 2683 2178 2728">
     <span class='ocr_line' id='line_1_49' title="bbox 1393 2683 2178 2728; baseline 0.008 -16"><span class='ocrx_word' id='word_1_491' title='bbox 1393 2684 1451 2723; x_wconf 82' lang='lat'><strong>¹²⁰)</strong></span> <span class='ocrx_word' id='word_1_492' title='bbox 1475 2684 1599 2714; x_wconf 64' lang='lat' dir='ltr'><strong>Ancon.</strong></span> <span class='ocrx_word' id='word_1_493' title='bbox 1622 2683 1655 2714; x_wconf 91' lang='lat' dir='ltr'><strong>in</strong></span> <span class='ocrx_word' id='word_1_494' title='bbox 1678 2694 1726 2715; x_wconf 83' lang='lat' dir='ltr'><strong>or.</strong></span> <span class='ocrx_word' id='word_1_495' title='bbox 1749 2695 1797 2726; x_wconf 88' lang='lat' dir='ltr'><strong>pr.</strong></span> <span class='ocrx_word' id='word_1_496' title='bbox 1821 2688 1950 2717; x_wconf 84' lang='lat' dir='ltr'><strong>Scauro</strong></span> <span class='ocrx_word' id='word_1_497' title='bbox 1973 2697 2004 2728; x_wconf 86' lang='lat' dir='ltr'><strong>p.</strong></span> <span class='ocrx_word' id='word_1_498' title='bbox 2028 2686 2071 2717; x_wconf 66' lang='lat'><strong>2⁶2</strong></span> <span class='ocrx_word' id='word_1_499' title='bbox 2094 2685 2178 2726; x_wconf 58' lang='grc' dir='ltr'><strong>Οι·.,</strong></span> 
     </span>
    </p>

    <p class='ocr_par' dir='ltr' id='par_1_18' title="bbox 1392 2724 2516 2892">
     <span class='ocr_line' id='line_1_50' title="bbox 1392 2724 2516 2775; baseline 0.005 -19"><span class='ocrx_word' id='word_1_500' title='bbox 1392 2725 1450 2767; x_wconf 84' lang='lat'><strong>¹²¹)</strong></span> <span class='ocrx_word' id='word_1_501' title='bbox 1474 2724 1576 2766; x_wconf 79' lang='lat' dir='ltr'><strong>Bello</strong></span> <span class='ocrx_word' id='word_1_502' title='bbox 1599 2724 1727 2765; x_wconf 79' lang='lat' dir='ltr'><strong>italico,</strong></span> <span class='ocrx_word' id='word_1_503' title='bbox 1759 2737 1857 2771; x_wconf 83' lang='lat' dir='ltr'><strong>quum</strong></span> <span class='ocrx_word' id='word_1_504' title='bbox 1889 2728 1979 2763; x_wconf 80' lang='lat' dir='ltr'><strong>multi</strong></span> <span class='ocrx_word' id='word_1_505' title='bbox 2004 2729 2104 2763; x_wconf 79' lang='lat' dir='ltr'><strong>Varia</strong></span> <span class='ocrx_word' id='word_1_506' title='bbox 2131 2728 2207 2775; x_wconf 80' lang='lat' dir='ltr'><strong>lege</strong></span> <span class='ocrx_word' id='word_1_507' title='bbox 2236 2729 2282 2764; x_wconf 83' lang='lat' dir='ltr'><strong>inl</strong></span> <span class='ocrx_word' id='word_1_508' title='bbox 2308 2740 2351 2763; x_wconf 85' lang='lat' dir='ltr'><strong>ue</strong></span> <span class='ocrx_word' id='word_1_509' title='bbox 2379 2729 2516 2763; x_wconf 77' lang='lat' dir='ltr'><strong>damna-</strong></span> 
     </span>
     <span class='ocr_line' id='line_1_51' title="bbox 1430 2770 2516 2812; baseline 0.005 -12"><span class='ocrx_word' id='word_1_510' title='bbox 1430 2775 1562 2808; x_wconf 82' lang='lat' dir='ltr'><strong>rentur,</strong></span> <span class='ocrx_word' id='word_1_511' title='bbox 1592 2771 1685 2812; x_wconf 70' lang='lat' dir='ltr'><strong>qmisi</strong></span> <span class='ocrx_word' id='word_1_512' title='bbox 1706 2771 1738 2803; x_wconf 89' lang='lat' dir='ltr'><strong>id</strong></span> <span class='ocrx_word' id='word_1_513' title='bbox 1762 2771 1882 2804; x_wconf 83' lang='lat' dir='ltr'><strong>bellum</strong></span> <span class='ocrx_word' id='word_1_514' title='bbox 1905 2770 1968 2805; x_wconf 78' lang='lat' dir='ltr'><strong>illis</strong></span> <span class='ocrx_word' id='word_1_515' title='bbox 1991 2773 2182 2806; x_wconf 80' lang='lat' dir='ltr'><strong>auctoribus</strong></span> <span class='ocrx_word' id='word_1_516' title='bbox 2212 2784 2276 2806; x_wconf 87' lang='lat' dir='ltr'><strong>con</strong></span> <span class='ocrx_word' id='word_1_517' title='bbox 2304 2779 2393 2805; x_wconf 77' lang='lat' dir='ltr'><strong>atum</strong></span> <span class='ocrx_word' id='word_1_518' title='bbox 2426 2778 2516 2805; x_wconf 75' lang='lat' dir='ltr'><strong>esset</strong></span> 
     </span>
     <span class='ocr_line' id='line_1_52' title="bbox 1427 2811 2514 2892; baseline 0.006 -48"><span class='ocrx_word' id='word_1_519' title='bbox 1427 2811 1632 2888; x_wconf 46' lang='lat' dir='ltr'><strong>ffi‘ztfnegwe</strong></span> <span class='ocrx_word' id='word_1_520' title='bbox 1654 2813 1858 2890; x_wconf 52' lang='lat' dir='ltr'><strong>despetiones</strong></span> <span class='ocrx_word' id='word_1_521' title='bbox 1882 2814 2068 2892; x_wconf 48' lang='lat' dir='ltr'><strong>lta‘licorlnm</strong></span> <span class='ocrx_word' id='word_1_522' title='bbox 2092 2817 2457 2892; x_wconf 46' lang='lat' dir='ltr'><strong>nugptiaren3=31n1n5¹</strong></span> <span class='ocrx_word' id='word_1_523' title='bbox 2471 2816 2514 2850; x_wconf 90' lang='lat' dir='ltr'><strong>ob</strong></span> 
     </span>
    </p>

    <p class='ocr_par' dir='ltr' id='par_1_19' title="bbox 1470 2867 2514 2901">
     <span class='ocr_line' id='line_1_53' title="bbox 1470 2867 2514 2901; baseline 0.004 -13"><span class='ocrx_word' id='word_1_524' title='bbox 1470 2868 1487 2888; x_wconf 82' lang='lat' dir='ltr'><strong>s</strong></span> <span class='ocrx_word' id='word_1_525' title='bbox 1540 2867 1559 2889; x_wconf 85' lang='lat' dir='ltr'><strong>a</strong></span> <span class='ocrx_word' id='word_1_526' title='bbox 1609 2868 1709 2890; x_wconf 78' lang='lat' dir='ltr'><strong>occas</strong></span> <span class='ocrx_word' id='word_1_527' title='bbox 1722 2868 1818 2890; x_wconf 86' lang='lat' dir='ltr'><strong>onem</strong></span> <span class='ocrx_word' id='word_1_528' title='bbox 1842 2870 1921 2891; x_wconf 77' lang='lat' dir='ltr'><strong>sena</strong></span> <span class='ocrx_word' id='word_1_529' title='bbox 1940 2871 1976 2892; x_wconf 80' lang='lat' dir='ltr'><strong>us</strong></span> <span class='ocrx_word' id='word_1_530' title='bbox 2023 2870 2136 2892; x_wconf 74' lang='lat' dir='ltr'><strong>eci-evi</strong></span> <span class='ocrx_word' id='word_1_531' title='bbox 2158 2886 2167 2901; x_wconf 95' lang='lat'><strong>,</strong></span> <span class='ocrx_word' id='word_1_532' title='bbox 2202 2871 2244 2892; x_wconf 82' lang='lat' dir='ltr'><strong>ne</strong></span> <span class='ocrx_word' id='word_1_533' title='bbox 2290 2870 2297 2891; x_wconf 90' lang='grc' dir='ltr'>ι</span> <span class='ocrx_word' id='word_1_534' title='bbox 2336 2869 2403 2894; x_wconf 65' lang='grc' dir='ltr'><strong>σει,</strong></span> <span class='ocrx_word' id='word_1_535' title='bbox 2461 2871 2514 2892; x_wconf 86' lang='lat' dir='ltr'><strong>nm</strong></span> 
     </span>
    </p>
   </div>
   <div class='ocr_carea' id='block_1_11' title="bbox 1422 2897 2513 2986">
    <p class='ocr_par' dir='ltr' id='par_1_20' title="bbox 1422 2897 2513 2986">
     <span class='ocr_line' id='line_1_54' title="bbox 1425 2897 2513 2977; baseline 0.006 -46"><span class='ocrx_word' id='word_1_536' title='bbox 1425 2898 1581 2977; x_wconf 55' lang='lat' dir='ltr'><strong>mmy&#39;gng</strong></span> <span class='ocrx_word' id='word_1_537' title='bbox 1603 2897 1733 2935; x_wconf 77' lang='lat' dir='ltr'><strong>Italicus</strong></span> <span class='ocrx_word' id='word_1_538' title='bbox 1756 2907 1863 2944; x_wconf 77' lang='lat' dir='ltr'><strong>esset,</strong></span> <span class='ocrx_word' id='word_1_539' title='bbox 1886 2909 2131 2938; x_wconf 80' lang='lat' dir='ltr'><strong>exercerentur.</strong></span> <span class='ocrx_word' id='word_1_540' title='bbox 2176 2904 2301 2937; x_wconf 79' lang='lat' dir='ltr'><strong>Ascon.</strong></span> <span class='ocrx_word' id='word_1_541' title='bbox 2323 2902 2356 2936; x_wconf 82' lang='lat' dir='ltr'><strong>in</strong></span> <span class='ocrx_word' id='word_1_542' title='bbox 2380 2902 2513 2938; x_wconf 75' lang='lat' dir='ltr'><strong>Coi-nel.</strong></span> 
     </span>
     <span class='ocr_line' id='line_1_55' title="bbox 1422 2955 1610 2986; baseline 0.005 -11"><span class='ocrx_word' id='word_1_543' title='bbox 1422 2955 1456 2986; x_wconf 88' lang='lat' dir='ltr'><strong>p.</strong></span> <span class='ocrx_word' id='word_1_544' title='bbox 1585 2955 1610 2976; x_wconf 87' lang='lat' dir='ltr'><strong>r.</strong></span> 
     </span>
    </p>
   </div>
  </div>
 </body>
</html>
