2720 3402
154 263 303 308 lorum
340 276 486 322 paene
520 266 788 322 aequasset,
832 261 1034 323 polleret
1068 259 1261 321 opibus,
1304 258 1593 321 negotiisque
1627 265 1676 305 et
1707 259 1835 306 urbis
1871 265 1918 306 et
1949 257 2298 322 provinciarum
2330 265 2514 320 partem

152 349 363 394 magnam
395 335 588 380 haberet
622 333 891 389 obnoxiam,
910 332 978 394 ⁶⁰)
1017 331 1274 378 nobilitatis
1305 332 1560 392 potentiam
1602 337 1649 377 et
1691 332 1956 394 superbiam
1989 338 2255 377 coerceret:
2305 331 2514 377 futurum

152 421 258 451 esse
290 407 605 468 prospiciens,
638 413 713 462 ut,
748 404 982 452 senatorio
1016 403 1180 450 ordine
1205 419 1276 448 ex
1307 404 1404 458 his,
1451 405 1529 464 qui
1561 404 1651 450 sibi
1683 397 1829 450 dediti
1863 411 2045 461 essent,
2088 404 2334 465 suppleto,
2377 410 2511 449 vete-

151 477 279 523 ribus
313 478 502 524 familiis
533 478 775 540 paullatim
807 482 958 523 morte
992 474 1262 531 exstinctis,
1295 475 1435 534 etiam
1467 475 1758 521 nobilitatem
1790 483 1839 521 et
1869 477 2009 521 fidam
2042 483 2090 522 et
2121 475 2388 522 devinctam
2421 474 2511 521 sibi

151 549 439 611 principatus
471 550 677 596 haberet.

279 653 284 657 -
356 622 402 666 2.
433 622 596 681 Itaque
629 627 895 667 senatorum
927 619 1115 681 quidem
1148 620 1422 665 affluentem
1453 633 1696 665 numerum
1729 619 1929 665 deformi
1961 627 2009 665 et
2039 619 2273 666 incondita
2304 620 2511 681 turba‘¹)

152 693 211 740 ad
242 694 429 740 modum
461 693 706 756 pristinum
727 699 782 739 >et
807 692 1109 755 splendorem
1133 692 1343 754 redegit:
1361 692 1422 753 ⁶²)
1454 691 1635 738 iteratis
1663 692 1942 738 lectionibus
1967 692 2207 752 purgavitz
2224 693 2284 753 ⁸³)
2317 709 2510 739 censum

152 780 313 811 eorum
347 766 491 827 duplo
523 765 653 810 auxit
675 765 734 826 ⁶⁴)
777 764 1026 824 multisque
1059 764 1326 826 supplevit:
1349 764 1410 825 65)
1446 764 1538 810 iuri
1571 770 1762 810 senatus
1793 762 1911 810 nibil
1944 762 2131 808 omnino
2163 764 2337 809 diserte
2369 767 2509 812 dero—

152 836 303 897 gavite
327 836 386 898 ⁶⁶)
429 852 486 883 eo
517 836 622 897 ipso
655 843 703 883 et
735 842 1021 897 potestatem
1057 851 1216 882 rerum
1259 835 1463 888 omnium
1496 835 1586 881 sibi
1618 837 1851 890 retinens,
1895 841 1944 880 et
1975 834 2157 880 senatui
2189 837 2393 896 speciem
2422 853 2509 883 ve-

151 908 266 955 teris
302 908 538 971 dignitatis
572 923 854 955 conservans
867 944 879 966 ,
922 908 1071 970 quod,
1114 907 1226 970 quid
1258 907 1318 953 ad
1349 923 1484 954 suum
1517 908 1757 955 arbitrium
1770 943 1782 964 ,
1831 906 1944 969 quid
1977 907 2036 953 ad
2068 905 2195 953 illius
2236 908 2507 968 pertineret,

150 980 381 1027 infinitum
413 996 600 1041 semper
631 988 679 1026 et
710 981 937 1025 incertum
969 980 1268 1041 relinqueret.
1286 979 1346 1040 ⁶⁷)
1413 980 1510 1025 Sed
1541 987 1811 1042 postquam,
1846 978 1967 1035 „ubi
1998 978 2194 1025 militem
2229 979 2389 1036 donis,
2423 996 2508 1041 po-

151 1053 312 1113 pulum
345 1069 548 1108 annona,
592 1059 782 1098 cunctos
815 1052 1062 1097 dulcedine
1105 1052 1188 1097 otii
1220 1051 1442 1113 pellexit,
1483 1052 1728 1113 insurgere
1761 1051 2004 1114 paullatim
2015 1055 2044 1076 ‘⁶
2087 1058 2137 1096 et
2169 1052 2228 1097 ad
2262 1067 2391 1098 suam
2425 1069 2510 1098 vo—

152 1125 376 1171 luntatem
408 1126 668 1185 gubernare
699 1122 1048 1182 rempublicam,
1080 1129 1385 1181 veterumque
1416 1122 1734 1169 institutorum
1767 1124 1964 1169 formam
1996 1131 2282 1169 commutare
2315 1140 2511 1186 prorsus

151 1196 331 1258 coepitz
365 1194 752 1256 quemadmodum
784 1208 1009 1239 summam
1039 1192 1227 1253 imperii
1256 1192 1349 1237 iam
1374 1192 1556 1249 iisdem,
1589 1195 1754 1254 quibus
1781 1202 1916 1241 antea
1947 1203 2232 1256 praetorum,
2266 1197 2509 1242 consulum

150 1268 526 1328 reliquorumque
558 1264 910 1325 magistratuum
942 1262 1172 1327 contineri
1203 1264 1468 1310 nominibus
1499 1266 1664 1322 noluit,
1697 1267 1781 1312 sed
1814 1267 2008 1312 eandem
2041 1274 2118 1312 aut
2149 1268 2375 1315 modestis
2405 1270 2508 1330 qui-

152 1340 347 1386 busdam
380 1343 458 1383 aut
489 1336 695 1382 incertae
729 1334 1083 1397 significationis
1115 1335 1288 1392 titulis,
1321 1336 1482 1396 quales
1515 1344 1624 1383 sunt
1657 1338 1898 1399 principis,
1926 1338 2113 1395 tribuni,
2145 1341 2373 1401 praefecti
2406 1357 2515 1388 mo-1‘

152 1427 271 1466 rum,
304 1408 519 1470 Augusti,
552 1407 863 1469 imperatoris,
879 1406 939 1467 ⁶⁸)
965 1406 1188 1463 involvit,
1203 1406 1263 1468 ⁶⁹)
1297 1408 1364 1452 sic
1397 1408 1538 1454 etiam
1570 1425 1798 1456 summum
1832 1410 1903 1456 rei
1935 1410 2176 1465 familiaris
2209 1413 2507 1473 splendorem

153 1496 468 1540 summamque
511 1479 783 1540 «lignitatem
824 1478 873 1524 in
916 1478 974 1523 iis
1017 1484 1195 1524 tantum
1236 1480 1453 1540 gentibus
1495 1497 1601 1526 esse
1634 1482 1806 1536 noluit,
1850 1496 1967 1541 quae
1999 1481 2049 1525 in
2082 1480 2231 1526 libera
2270 1487 2511 1544 republica

153 1553 386 1616 primores
420 1550 622 1598 civitatis
656 1550 881 1597 fuissent:
915 1565 1080 1597 verum
1113 1557 1162 1597 et
1194 1557 1382 1598 veteres
1411 1553 1634 1613 quasdam
1669 1554 1753 1600 sed
1779 1553 1880 1600 sine
1907 1553 2160 1618 honoribus
2187 1554 2387 1603 familias
2413 1565 2512 1604 tum

155 1625 357 1688 primum
389 1625 566 1681 evexit,
600 1631 648 1670 et
675 1623 906 1685 equestris
940 1623 1118 1670 ordinis
1150 1624 1389 1686 principes
1414 1624 1670 1672 honoribus
1699 1625 1759 1672 iis
1785 1625 1983 1683 ornavit,
2017 1625 2096 1687 qui
2122 1634 2202 1673 aut
2227 1630 2512 1677 senatorium

152 1699 323 1743 fastum
355 1713 505 1759 paene
539 1698 837 1753 excederent,
872 1703 951 1742 aut
983 1699 1069 1741 sub
1103 1697 1289 1743 nomine
1323 1697 1495 1759 exiguo
1527 1698 1789 1760 potentiam>
1816 1713 2027 1760 magnam
2059 1698 2299 1747 haberent.
2347 1702 2404 1749 In
2429 1718 2512 1750 au-

152 1771 306 1832 gendo
350 1776 504 1816 autem
545 1769 751 1828 equestri
795 1769 958 1816 ordine
990 1770 1282 1830 quadruplici
1314 1770 1495 1815 ratione
1528 1786 1640 1815 usus
1674 1778 1761 1816 est.
1827 1771 2002 1816 Totum
2034 1770 2158 1816 enim
2192 1773 2403 1820 ordinem
2434 1791 2511 1822 re-

153 1841 359 1888 censuit=
390 1840 703 1887 intermissam
729 1840 810 1885 diu
844 1840 1049 1901 equitum
1082 1856 1202 1902 equo
1234 1841 1422 1903 publico
1454 1843 1819 1903 recognitionem
1846 1842 2118 1889 renovavit:
2151 1845 2384 1904 equitibus
2410 1849 2511 1907 qui-

152 1915 346 1961 busdam
387 1912 660 1973 dignitatem
702 1912 983 1957 senatoriam
1023 1912 1207 1969 tribuit,
1251 1915 1330 1974 qui
1361 1912 1500 1959 novo'
1528 1914 1694 1960 abhinc
1734 1915 1939 1968 nominer
1963 1915 2171 1962 illustres
2214 1917 2509 1977 dicebantur3

153 1986 353 2045 denique
395 1999 573 2029 summa
615 1983 839 2043 quaedam
880 1983 1038 2028 officia
1072 1985 1457 2045 magistratusque
1490 1986 1754 2042 constituit,
1797 1987 1961 2046 quibus
1996 1986 2084 2031 soli
2117 1987 2297 2046 equites
2341 1990 2508 2053 funge-

154 2064 340 2103 rentur=
374 2055 638 2110 nonnullos,
672 2052 750 2114 qui
781 2053 1099 2114 magistratum
1130 2055 1308 2100 nullum
1341 2057 1582 2112 haberent,
1615 2064 1664 2102 et
1696 2057 1895 2102 amicitia
1927 2072 2012 2102 sua
2043 2057 2209 2117 dignos
2241 2059 2426 2119 habuit,
2460 2072 2509 2110 et

155 2127 452 2177 consiliorum
486 2141 674 2173 suorum
707 2125 960 2189 participes
993 2125 1119 2173 fecit.
1184 2126 1257 2173 De
1291 2127 1457 2188 quibus
1490 2128 1702 2174 omnibus
1735 2127 2012 2190 explicatius
2046 2128 2293 2176 dicendum
2327 2142 2415 2180 est.

157 2359 201 2399 ⁶0)
225 2353 358 2397 loseph.
395 2353 487 2385 Antt.
512 2351 565 2391 19,
592 2354 622 2392 l,
648 2354 676 2386 l.
721 2353 837 2397 Μυρία
858 2363 890 2385 τε
913 2351 1076 2397 detexero
1100 2353 1284 2397 (Caligula)
1325 2353 1331 2385 1
1371 2356 1417 2396 ⁶⁶)
1440 2354 1613 2397 Principio
1636 2365 1778 2431 mnffae
1801 2355 2044 2389 observantiae
2059 2357 2175 2399 specie
2196 2358 2349 2393 devinxit
2371 2363 2434 2395 sibi
2456 2375 2507 2396 se-

198 2398 350 2432 καὶκατὰ
372 2397 451 2428 τῶν
472 2397 641 2432 ἱππέων,
659 2396 738 2439 μὲν
759 2397 1049 2438 καλουμένων,
1071 2396 1287 2440 ἀξιώματι
1413 2403 1545 2430 natum:
1569 2396 1654 2438 (nio
1677 2400 1697 2431 5
1727 2423 1736 2437 ‚
1759 2396 1818 2439 32)
1843 2408 1979 2441 semper
2001 2398 2171 2434 simulavit
2194 2404 2326 2437 senatui
2348 2416 2386 2438 se
2408 2408 2509 2449 impe—

200 2444 246 2477 ·55
267 2442 340 2475 ,αἱ
363 2440 549 2492 δυμὶάμῆμ
567 2441 806 2491 χρημᾱτῳν
828 2438 964 2491 &proca
985 2441 1082 2475 τοῖς
1108 2442 1288 2484 σογκλη-
1412 2441 1496 2491 rium
1520 2441 1768 2473 restituturum:
1792 2441 1854 2492 (jd.
1877 2441 1933 2481 53,
1955 2441 1985 2474 2.
2020 2443 2115 2475 Suet.
2139 2443 2220 2477 oct.
2244 2445 2304 2489 m)
2326 2449 2398 2490 lpse
2419 2451 2509 2492 prin-

200 2487 343 2519 Πκοῑς
366 2483 444 2515 6⁷10
467 2492 536 2521 της
558 2483 721 2515 πόλεως
748 2493 989 2525 αγομενων.
1414 2492 1522 2525 cipem
1545 2488 1682 2516 senatus
1705 2493 1814 2516 creari
1836 2493 1876 2517 se
1896 2483 2023 2517 voluit:
2047 2484 2141 2528 (Dio
2164 2487 2228 2528 53,
2254 2488 2296 2531 Ι)
2342 2490 2510 2526 mvhcins

158 2557 203 2598 ω)
226 2565 260 2587 v.
284 2557 354 2586 not.
377 2550 429 2584 51.
863 2591 871 2596 ,
1414 2526 2185 2612 ἓξ,ἳὲῗοὶ’ζο’ῗξὲ“αἲυῖιῖῗὲ3ἷὲἰέἳέἑὲιῗι
2203 2538 2349 2615 οῶεΐω
2372 2535 2509 2620 ειρῗεῗῇ

159 2625 202 2665 οι)
226 2621 294 2654 Dio
316 2621 371 2659 5‘2,
398 2617 447 2652 19.
492 2618 584 2651 Suet.
608 2614 686 2651 oct.
710 2617 763 2652 35.
1374 2629 1419 2670 οἵ)
1444 2626 1592 2674 Dirksen
1604 2627 1724 2662 Ueber
1741 2628 1800 2661 die
1814 2627 2185 2664 Criminaliurisdiction
2202 2632 2264 2665 des
2279 2601 2362 2666 18ιῖ
2377 2635 2512 2669 Semts.

159 2693 203 2734 ῃ)
226 2690 268 2723 ν.
291 2700 320 2721 ο.
342 2688 363 2720 3
386 2691 455 2719 not·
479 2686 533 2721 2⁰·
1415 2669 1488 2703 civ.
1510 2669 1598 2702 Abh.
1624 2670 1656 2710 l,
1679 2682 1713 2713 p.
1736 2672 1780 2705 96
1802 2681 1875 2714 sqq.

160 2762 205 2803 οι)
229 2759 298 2793 Dlo
321 2759 383 2797 54,
408 2755 458 2789 17.
503 2755 597 2789 Suet.
621 2752 700 2788 Oct.
723 2756 788 2795 41,
820 2754 875 2788 ubl
897 2764 930 2787 v,
955 2754 999 2788 de
1022 2754 1290 2799 discrepantibus
1374 2721 1499 2798 Μὒνξζιῖε
1519 2722 1930 2810 εῗῆιξοῖεὲἳςίῗλέἐῖο
1947 2725 2384 2811 ἓὲἰῗοῗᾟῖἶρξὸιῖθῶ
2402 2729 2512 2815 quN

201 2803 372 2843 utriusque
390 2799 540 2833 numeris
562 2797 808 2831 Casaubonum.
1376 2825 1419 2862 ω)
1443 2822 1485 2854 ν,
1508 2823 1652 2856 Loebeu
1678 2824 1796 2857 Ueber
1827 2825 1859 2857 d,
1882 2825 2057 2870 principat
2085 2826 2145 2858 des
2168 2828 2338 2870 Augustus
2367 2830 2401 2863 in
2424 2830 2512 2864 Rau-

158 2872 204 2914 05)
231 2869 297 2902 Dio
317 2868 372 2909 52,
398 2867 447 2903 19.
493 2866 547 2907 53,
569 2867 600 2901 2.
646 2866 701 2907 54,
724 2867 774 2900 17.
820 2865 876 2905 55,
901 2864 950 2900 13.
1418 2875 1508 2899 mers
1531 2865 1866 2901 hist.Taschenbuch
1892 2869 1975 2904 183⁴
1997 2869 2105 2913 p.213
2117 2880 2190 2911 sqq.
2215 2870 2302 2913 inpr.
2315 2882 2347 2914 p.
2364 2875 2511 2916 msqq.

1964 2927 1991 2966 8
