2720 3402
183 110 271 163 14

390 251 615 313 Vejorum
656 255 808 295 autem
852 246 1138 309 oppugnatio
1181 247 1229 291 in
1272 246 1388 293 illud
1421 246 1585 293 incidit
1617 254 1825 309 tempus,
1874 260 1964 307 quo
1996 242 2226 290 erectiore
2261 242 2412 291 animo
2448 257 2531 290 au-

186 329 363 386 ctisque
406 325 583 369 viribus
624 328 784 365 contra
817 320 1037 382 patricios
1072 321 1415 380 consurgebant
1448 319 1648 384 plebeji,
1690 320 1737 365 in
1770 333 1918 380 eoque
1951 316 2228 373 certamine,
2270 331 2332 361 ex
2365 331 2455 377 quo
2488 315 2531 363 L

185 404 286 447 sere
330 398 462 445 annis
493 402 678 455 postea,
723 393 1003 438 Consulatus
1046 391 1300 452 participes
1334 392 1470 446 faeti,
1510 393 1781 457 superiores
1816 396 2089 446 evaserunt,
2131 405 2226 434 non
2257 390 2392 450 parvi
2434 405 2533 434 mo-

185 471 329 521 menti
363 475 482 523 erat,
530 465 655 527 quod
687 465 865 511 honore
910 464 1049 511 etiam
1090 463 1283 510 militiae
1329 464 1562 524 equitibus
1607 466 1939 526 aequabantur,
1989 477 2184 522 quorum
2216 477 2326 522 pars
2368 478 2535 523 magna

185 552 286 593 erat
316 538 531 605 patricia,
581 537 729 585 ceteri
763 552 789 582 a
821 536 1092 584 censoribus
1126 551 1188 585 ex
1220 536 1475 583 earundem
1508 536 1708 598 partium
1743 535 1880 583 sociis
1911 535 2246 597 allegebantur.

384 613 430 659 4.
481 612 639 673 Quum
688 616 842 656 autem
891 624 1050 656 aerum
1103 608 1390 669 equestrium
1442 624 1758 671 equorumque
1807 607 2096 674 publicorum
2144 611 2300 652 certus
2349 604 2536 667 quidam
2603 628 2608 633 ·

183 688 344 735 modus
394 698 709 742 numerusque
752 682 1030 726 constitutus
1074 687 1224 736 esset,
1276 686 1438 726 contra
1478 680 1842 741 legionariorum
1885 679 2098 740 equitum
2131 677 2383 746 multitudo
2431 677 2535 724 fere

180 756 425 821 quotannis
460 762 734 817 augeretur,
786 749 1033 813 interjecto
1066 759 1278 813 tempore
1323 753 1497 819 factum
1529 768 1638 798 esse
1672 760 1891 815 apparet,
1935 760 1986 797 ut
2016 749 2149 806 im
2171 757 2414 810 equestres
2457 767 2536 796 co-

179 831 282 893 pias
315 844 410 876 non
443 827 534 874 nisi
568 825 661 874 rari
702 824 1026 875 invenirentur
1066 824 1249 885 equites
1282 824 1497 874 Romani.
1564 822 1712 886 Cujus
1742 825 1816 872 rei
1848 819 2045 885 &estigia
2082 823 2306 893 quaetkm
2339 839 2367 869 a
2396 823 2537 870 Livio

179 908 366 949 servata
398 900 573 962 reperi.
2345 927 2348 930 Δ
2455 932 2478 953 ο

386 973 460 1019 De
494 970 675 1036 proelio
710 968 969 1033 enim-cum
1002 968 1290 1014 Samnitibus
1324 983 1350 1013 a
1383 968 1478 1014 41⁰
1510 984 1551 1014 a.
1577 969 1687 1015 Chr.
1721 984 1766 1014 n.
1801 968 2046 1015 commisso
2077 968 2108 1014 l.
2189 998 2193 1003 -
2248 1030 2250 1033 Ι
2284 983 2322 1014 .=
2356 967 2536 1025 „Dimi-

178 1054 347 1100 eatum,
381 1043 543 1104 inquit,
578 1040 760 1104 proelio
794 1040 1025 1101 utrimque
1060 1040 1209 1086 atroci
1242 1047 1379 1101 atque
1414 1041 1593 1090 incerto
1628 1048 1803 1087 eventu
1836 1049 1923 1097 est,
1957 1048 2005 1087 et
2035 1055 2138 1103 eum
2242 1046 2246 1047 ⁷
2283 1057 2341 1103 Ρι
2369 1043 2537 1087 caedes

180 1120 370 1172 suisset,
415 1116 640 1160 adversae
674 1120 830 1159 tamen
862 1112 934 1157 rei
967 1113 1091 1157 sama
1123 1113 1173 1158 in
1206 1112 1444 1158 Romanos
1478 1113 1622 1158 vertit
1655 1114 1713 1158 ob
1747 1112 1943 1161 amissos
1986 1111 2264 1174 quosdam
2305 1112 2535 1174 equestris

180 1190 357 1238 ordinis
389 1187 692 1245 tribunosque
726 1184 924 1230 militum
959 1191 1097 1243 atque
1131 1200 1275 1230 unum
1308 1186 1538 1246 legatum,
1574 1192 1644 1241 et,
1679 1185 1803 1245 quod
1834 1184 2018 1245 insigne
2050 1185 2248 1231 maxime
2282 1186 2392 1241 fuit,
2426 1201 2537 1230 con-

179 1263 294 1312 sulis
327 1259 475 1323 ipsius
510 1259 728 1306 vulnus“.
777 1255 954 1305 Multos
982 1255 1031 1302 in
1064 1256 1151 1303 hac
1184 1273 1340 1319 pugna
1377 1264 1625 1318 praeterea
1654 1256 1836 1316 equites
1870 1256 2111 1314 cecidisse,
2144 1274 2339 1317 quorum
2371 1265 2423 1304 ut
2453 1259 2539 1303 ho-

177 1337 361 1398 miuum
394 1334 454 1377 de
489 1332 654 1392 plebe,
694 1326 883 1391 jactura
915 1328 1069 1374 levior
1102 1335 1225 1384 erat,
1276 1345 1337 1374 ex
1370 1329 1461 1375 alio
1505 1330 1608 1375 loco
1652 1328 1909 1390 colligitur,
1937 1328 1996 1389 ⁸⁹)
2045 1328 2148 1385 ubi,
2197 1335 2442 1391 postquam
2490 1328 2538 1375 in

178 1423 333 1469 pugna
376 1405 435 1449 ad
467 1401 759 1448 Placentiam
802 1417 843 1445 a.
877 1401 971 1445 219
1004 1408 1240 1446 trecentos
1284 1402 1467 1459 equites
1511 1401 1689 1444 occisos
1734 1415 1839 1445 esse
1882 1400 2026 1456 dixit,
2078 1402 2194 1445 haec
2237 1401 2389 1448 addit:
2440 1401 2537 1446 Sed

178 1478 328 1538 major
360 1474 586 1520 Romanis
630 1488 766 1531 quam
798 1488 885 1533 pro
917 1487 1111 1517 numero
1137 1471 1322 1533 jactura
1355 1472 1467 1525 fuit,
1510 1472 1621 1530 quia
1653 1471 1886 1529 equestris
1920 1471 2097 1517 ordinis
2132 1471 2331 1531 aliquot,
2373 1479 2420 1519 et
2452 1473 2537 1519 tri-

179 1549 292 1596 buni
334 1546 532 1591 militum
575 1544 778 1602 quinque
821 1550 868 1587 et
901 1544 1130 1603 praefecti
1162 1544 1394 1588 sociorum
1426 1549 1523 1587 tres
1547 1543 1606 1603 ⁷⁰)
1650 1548 1758 1587 sunt
1789 1542 2040 1588 interfecti.
2085 1569 2143 1576 —
2190 1569 2248 1576 —
2315 1544 2536 1591 Venienti

180 1622 228 1667 in
261 1620 463 1680 Ligures
497 1614 750 1664 Hannibali
783 1632 870 1676 per
901 1614 1094 1659 insidias
1127 1615 1376 1675 intercepti
1409 1615 1501 1662 duo
1536 1622 1809 1672 quaestores
1842 1615 2041 1659 Romani
2082 1631 2186 1661 cum
2225 1616 2405 1662 duobus
2452 1617 2537 1661 tri-

179 1692 315 1739 bunis
348 1689 544 1737 militum
577 1695 624 1735 et
657 1686 860 1746 quinque
895 1685 1127 1745 equestris
1162 1686 1362 1743 ordinis,
1407 1693 1748 1733 senatorum
1793 1687 1980 1733 ferme
2023 1687 2241 1734 liberis
2286 1715 2344 1721 -—
2381 1716 2439 1723 —
2476 1715 2534 1723 —

179 1766 469 1811 traduntur“.
535 1759 726 1805 Ordinis
761 1758 994 1818 equestris
1028 1759 1239 1815 nomine,
1272 1760 1398 1818 quod
1432 1760 1490 1808 ad
1522 1759 1638 1806 haec
1670 1765 1884 1820 tempora
1915 1775 2009 1806 non
2043 1760 2271 1821 pertinet,
2305 1762 2390 1807 sed
2428 1760 2537 1806 inde

179 1854 207 1884 a
240 1834 467 1884 Gracchis
501 1834 687 1878 demum
719 1830 931 1887 invaluit,
965 1831 1146 1890 equites
1181 1846 1301 1890 equo
1334 1831 1521 1897 publico
1554 1830 1778 1893 intelligi,
1812 1837 1860 1878 et
1892 1848 1954 1878 ex
1985 1831 2059 1878 his
2093 1831 2208 1879 locis
2242 1840 2451 1895 apparet,
2491 1839 2539 1880 et

177 1908 399 1955 disertius
434 1906 597 1951 dicitur
630 1904 715 1960 24,
771 1904 851 1960 18,
901 1904 956 1960 6,
1006 1904 1086 1948 ubi
1121 1904 1179 1950 de
1211 1919 1409 1949 censura
1443 1920 1483 1948 a.
1518 1905 1634 1960 214,
1686 1919 1805 1963 quae
1839 1904 2055 1966 proxima
2090 1905 2244 1950 fuerat
2276 1913 2384 1967 post
2417 1907 2539 1952 Can-

176 1996 370 2030 nensem
401 1978 606 2034 cladem,
642 1992 796 2024 sermo
832 1982 916 2022 est.
984 1975 1116 2032 „His
1150 1976 1564 2039 superioribusque
1597 1975 1692 2022 illis
1726 1976 1836 2035 equi
1869 1976 2064 2033 ademti,
2099 1977 2200 2041 qui
2233 1978 2537 2041 publicum

179 2068 385 2112 equum
435 2051 762 2106 habebant,
810 2048 1030 2108 tribuque
1072 2048 1212 2106 moti,
1260 2048 1430 2099 aerarii
1475 2063 1635 2099 omnes
1669 2048 1795 2096 facti.
1859 2048 2061 2109 Neque
2109 2049 2275 2098 modo
2328 2057 2552 2099 senatu-

223 2234 326 2258 mum
358 2224 481 2266 equis
509 2234 678 2256 merere
713 2224 891 2266 equites
924 2230 1190 2267 coeperunt,
1227 2234 1313 2266 (piae
1354 2224 1359 2271 l
1440 2234 1575 2257 merere
1599 2223 1807 2258 dicebantur.
1846 2223 1897 2258 Cf.
1918 2223 1999 2258 Tah.
2016 2223 2151 2259 nerant.
2177 2235 2247 2257 aer.
2271 2224 2380 2267 Neap.
2405 2225 2460 2258 lin.
2487 2226 2537 2258 17.

222 2269 331 2301 verba
353 2268 384 2300 iu
410 2269 554 2308 epitome
573 2268 723 2307 ejusdem
744 2268 816 2298 libri
832 2269 876 2298 ita
893 2273 1103 2308 repetuntur,
1128 2273 1160 2296 ut
1187 2268 1314 2307 equis
1442 2272 1474 2297 et
1497 2268 1565 2298 Cic.
1583 2277 1633 2298 or.
1650 2267 1735 2298 Phil.
1762 2268 1791 2306 l,
1815 2267 1845 2298 8.
1883 2267 2145 2308 Quicunque
2169 2268 2370 2300 ordinem
2393 2269 2537 2309 duxit,

222 2311 317 2345 suis
342 2320 508 2343 merere
532 2309 691 2352 scriptum
715 2310 766 2342 sit.
790 2310 846 2343 Sic
869 2309 930 2351 27,
969 2309 1026 2350 ll,
1056 2309 1105 2345 13,
1137 2308 1313 2343 adelide·
1437 2308 1625 2353 judicet.
1662 2309 1733 2349 At,
1757 2310 1792 2342 si
1818 2308 2025 2350 ferretis,
2050 2310 2297 2354 quicunque
2322 2306 2429 2354 equo
2453 2325 2537 2345 me-

223 2360 324 2388 tunt
348 2354 589 2385 acerbitati
614 2354 744 2384 etiam
767 2359 958 2394 tempus,
986 2364 1038 2384 ne
1063 2353 1317 2394 praeterita
1442 2354 1633 2391 ruisset,
1652 2353 1765 2394 quod
1789 2358 1859 2384 est
1882 2353 2536 2397 lautius,ueminiprobaretis,

222 2395 458 2439 stipendia
493 2394 788 2437 procederent
812 2395 880 2432 iis„
905 2396 974 2438 qui
997 2406 1105 2437 equo
1131 2394 1234 2437 publ
1249 2395 1315 2427 ico
1442 2393 1486 2427 Et
1505 2395 1551 2427 itu
1574 2395 1673 2427 etiam
1698 2395 1920 2438 negligentius
1935 2395 2109 2429 Macci-ob.
2126 2397 2260 2430 Saturu.
2278 2398 2313 2437 l.,
2336 2397 2367 2431 ὓ.
2385 2400 2538 2441 quumvis

222 2449 457 2473 enter-tera
472 2444 536 2476 nt,
572 2438 646 2469 sed
684 2438 797 2469 dena
831 2439 1058 2480 stipendia
1082 2439 1204 2479 equis
1233 2438 1316 2479 pri·
1443 2439 1486 2469 ule
1510 2448 1626 2480 regum
1650 2443 1818 2480 tempore,
1842 2449 1908 2480 quo
1931 2440 2077 2472 nondum
2100 2440 2236 2475 suerunt
2259 2451 2335 2483 eqq.
2359 2452 2447 2484 equo
2470 2443 2538 2484 pri-

220 2483 339 2516 vatis
363 2481 577 2516 facerent,
616 2479 811 2523 Magnum
836 2486 1072 2524 praeterea
1096 2491 1316 2517 numerum
1357 2497 1361 2536 ²
1442 2486 1534 2514 vnto.
1581 2480 1647 2513 Alii
1671 2480 1783 2515 dicunt.
1810 2501 1846 2508 —
1871 2481 2023 2518 Priscum
2046 2502 2088 2509 —-
2109 2484 2313 2523 instituisse,
2349 2491 2381 2518 ut
2408 2486 2538 2527 patricii

221 2526 614 2567 conquisiverunt,
649 2536 657 2554 t
679 2525 717 2555 ui
741 2535 851 2564 equo
885 2535 1054 2555 uterere
1086 2525 1316 2561 deberent,
1443 2524 1535 2559 bulla
1558 2534 1663 2555 aurea
1685 2535 1758 2556 mum
1783 2530 1878 2567 toga,
1902 2526 1956 2567 qui
1980 2537 2128 2569 purpura
2151 2528 2381 2570 praetexitur,
2404 2533 2538 2561 uteren-

220 2571 253 2603 Ιι.
278 2580 308 2602 e.
332 2578 421 2611 equo
445 2568 589 2611 privato.
669 2577 722 2599 am
748 2566 854 2609 pergit
881 2571 1048 2608 „atque
1072 2576 1121 2598 ex
1145 2566 1221 2608 iis,
1246 2577 1265 2609 q
1277 2567 1317 2599 ui
1443 2572 1520 2604 tur,
1555 2566 1727 2600 dumtaxat
1758 2567 1822 2608 illi,
1858 2580 1998 2611 ‹pmrum
2030 2576 2143 2613 patres
2178 2571 2326 2605 eur-ulem
2362 2579 2538 2609 gesserant

222 2613 453 2655 principio
483 2612 583 2652 ejus
606 2611 714 2641 belli
738 2610 1043 2650 septendecim
1066 2620 1202 2640 annos
1226 2611 1318 2641 nati
1445 2611 1695 2650 magistratum.
1728 2612 1850 2642 ceteris
1872 2618 2004 2651 nutem,
2042 2619 2076 2643 ut
2100 2619 2277 2653 praetextu
2307 2609 2434 2645 tantum
2466 2620 2536 2645 ute-

222 2657 411 2693 fuerant,
435 2662 577 2695 neque
600 2651 919 2690 militaverant,
943 2660 1091 2682 omnes
1111 2652 1318 2684 aerarios
1444 2656 1580 2691 rentur,
1613 2651 1790 2692 indultum:
1824 2653 1886 2686 sed
1911 2665 2016 2697 usque
2038 2655 2081 2688 ad
2104 2666 2187 2695 eos,
2215 2667 2356 2698 quorum
2402 2663 2538 2689 urentes

223 2699 467 2732 se‹·erunt.‘⁵
514 2695 665 2730 Eosdem
696 2700 837 2727 coactos
868 2694 970 2726 fuisse
1002 2694 1142 2735 pedibus
1173 2705 1318 2733 merere,
1443 2706 1532 2737 equo
1556 2695 1721 2738 stipendia
1738 2696 1833 2739 justa
1855 2699 2065 2735 meruissent,
2111 2698 2153 2734 ef.
2177 2698 2264 2735 Ptin,
2287 2699 2329 2733 H.
2388 2724 2398 2735 ,
2423 2701 2477 2739 33,
2505 2702 2536 2734 4,

222 2752 318 2782 quum
352 2741 482 2782 equites
506 2749 594 2780 equo
619 2737 754 2780 publico
778 2743 846 2768 tum
871 2738 1033 2778 temporis
1057 2738 1152 2779 equis
1177 2738 1318 2779 privatis
1400 2762 1432 2781 ω,
1473 2757 1511 2790 ¹.
1571 2757 1609 2791 2¹
1670 2759 1710 2792 '⁴9
1761 2760 1782 2794 9

222 2794 353 2816 merere
392 2783 651 2816 damnarentur,
688 2790 729 2812 ex
765 2779 917 2813 eusdem
956 2780 1002 2811 rei
1037 2781 1199 2812 memoria
1228 2780 1316 2823 npud
1433 2759 1448 2800 )
1492 2769 1547 2791 Ἰν·
1620 2784 1633 2799 0
1667 2770 1688 2791 ⁰
1715 2785 1728 2802 ο
1782 2786 1793 2797 ν

222 2826 297 2858 Liv·
321 2825 374 2864 24,
401 2827 449 2865 ¹⁸2
473 2826 504 2857 6·
529 2824 735 2866 ”nemi-'ium
770 2791 823 2854 ἑο
846 2823 947 2865 Ῑὸἷωῑ
969 2833 1069 2856 ⁸⁰¹¹8¹¹
1094 2823 1210 2857 ῙᾸῪῙΙΕ
1235 2824 1316 2857 (ῖῙ-Ὶῑῑ
1404 2824 1448 2865 ⁷⁰)
1472 2821 1580 2854 Etiam
1611 2823 1674 2857 hos
1697 2824 1869 2857 Romanos
1900 2825 2003 2859 fuisse
2034 2831 2180 2859 testatur
2202 2826 2276 2861 Liv.
2301 2826 2343 2860 33
2395 2826 2447 2860 26.
2493 2827 2533 2863 cf.

222 2879 334 2910 equo
370 2878 559 2901 merere.
595 2877 663 2909 quo
692 2876 755 2897 suo
786 2871 942 2907 tempore
977 2864 1150 2906 legionarii
1186 2867 1317 2907 equites
1356 2870 1361 2911 Ι
1443 2864 1583 2900 Duc-ker
1604 2867 1647 2899 ad
1671 2867 1744 2900 Liv.
1769 2867 1831 2907 25,
1857 2868 1885 2900 l.
2351 2851 2364 2867 ⁰
