2720 3402
148 269 313 317 iuvare
339 278 435 315 'eos
476 268 525 316 iu
567 268 779 332 pecuniis
821 269 1088 331 exigendis,
1116 269 1197 332 ¹⁰⁴)
1240 270 1324 317 sed
1355 269 1430 330 ius
1473 264 1542 316 eis
1584 285 1678 317 non
1711 269 1868 316 dicere
1881 304 1893 326 ‚
1937 267 2181 331 pactiones
2213 265 2500 323 rescindere,

146 341 401 403 vectigales
442 348 491 388 et
532 341 861 402 stipendiarios
901 342 1126 399 liberare,
1175 343 1376 404 denique
1420 355 1580 389 servos
1621 343 1974 405 publicanorum
2003 340 2083 402 ¹⁰⁵)
2134 355 2317 400 quoque
2359 338 2500 384 modo

145 412 373 476 impedire
405 413 573 476 potuit.
637 413 771 475 Quae
803 414 954 461 omnia
985 431 1013 461 a
1044 414 1249 462 Gabinio
1281 415 1424 461 facta·
1437 431 1465 461 a
1496 414 1722 461 Cicerone
1755 421 2015 461 narrantur.
2044 411 2125 474 106)

350 486 395 532 3.
429 486 485 532 In
518 486 607 532 hoc
639 493 790 532 autem
823 487 1047 533 nobilium
1077 488 1523 552 publicanorumque
1556 486 1767 543 dissidio,
1800 494 1904 532 orto
1936 486 2018 532 illo
2051 486 2101 533 in
2132 482 2419 549 provinciis,
2451 482 2501 528 in

145 558 248 620 ipsa
280 560 397 604 urbe
431 559 696 605 continuato
729 565 866 620 atque
899 567 1034 606 aucto
1047 596 1059 617 ,
1103 562 1350 607 obscurum
1384 565 1482 615 est,
1530 560 1587 604 ab
1619 565 1724 604 utra
1756 565 1889 620 parte
1923 560 2138 605 steterint
2181 557 2368 619 equites
2400 554 2500 601 Ro·-

143 631 282 690 mani,
315 630 395 697 qui
415 637 476 698 *et
506 631 736 679 habebant
767 646 936 694 equum
966 632 1219 697 publicum,
1254 639 1303 680 et
1333 632 1384 679 in
1415 630 1638 678 centuriis
1664 631 1870 693 equitum
1896 637 2042 676 erant.
2091 632 2222 693 Quos
2248 629 2500 676 maximam

142 710 323 767 partem
355 704 607 759 nobilitatis
640 711 906 763 senatores,
951 703 1203 767 eorumque
1234 706 1416 752 liberos
1430 705 1732 750 continuisse
1745 738 1757 760 ,
1792 719 1935 765 supra
1967 700 2305 760 demonstravi,
2339 717 2495 762 neque

141 784 298 824 tamen
331 778 518 824 eosdem
550 778 782 825 veiusmodi
815 779 1041 842 negotiis,
1075 795 1103 826 a
1134 779 1302 841 quibus
1334 788 1431 824 non
1463 792 1626 824 omnes
1658 776 1842 839 legibus
1876 778 2177 833 arcebantur,
2212 774 2496 827 abstinuisse

143 856 234 894 est.
247 849 515 896 verisimile.
579 852 655 895 Ad
687 866 823 912 quam
853 852 1175 913 quaestionem
1218 843 1492 897 solvendam
1528 845 1731 895 fortasse
1775 851 1950 910 aliquid
1993 849 2157 892 auxilii
2197 849 2296 908 peti
2337 854 2497 909 potest

141 937 203 966 ex
236 937 291 967 ea
322 924 610 978 narratione,
653 939 789 983 quam
821 923 880 969 de
916 926 968 969 G.
1003 924 1222 980 Claudio,
1266 924 1325 969 Τ.
1360 923 1641 985 Sempronio
1676 924 1949 968 censoribus
1987 922 2095 967 anni
2133 920 2223 965 169
2255 937 2295 966 a.
2330 922 2414 966 eh.
2446 936 2492 965 ιι.

139 994 279 1041 habet
310 994 476 1040 Livius
508 995 585 1050 43,
623 994 695 1040 16.
761 995 846 1051 „In
879 996 1112 1056 equitibus
1144 996 1462 1053 recensendiS,
1501 995 1665 1057 inquit,
1698 995 1848 1041 tristis
1882 994 2130 1041 admodum
2164 1008 2324 1039 eorum
2358 998 2494 1052 atque

140 1081 307 1126 aspera
338 1083 534 1114 censura
567 1067 679 1112 fuit:
723 1068 879 1125 multis
913 1084 1057 1126 equos
1086 1069 1378 1114 ademerunt.
1441 1069 1500 1131 In
1533 1084 1589 1114 ea
1620 1084 1673 1114 re
1707 1083 1847 1127 quum
1881 1074 2148 1126 equestrem
2183 1065 2394 1111 ordinem
2427 1063 2497 1123 (id

140 1145 213 1184 est
260 1138 440 1200 equites
483 1154 603 1199 equo
645 1137 863 1199 publico)
892 1138 971 1200 ¹⁰⁷)
1014 1129 1348 1195 offendissent,
1394 1138 1625 1194 flammam
1667 1138 1871 1185 invidiae
1916 1137 2131 1184 adiecere
2176 1136 2356 1193 edicto,
2406 1150 2497 1196 quo

139 1204 411 1269 edixerunt,
460 1228 519 1258 ne
553 1209 656 1272 quis
692 1225 877 1268 eorum,
899 1210 1000 1274 *qui
1033 1211 1092 1274 Q.
1124 1211 1297 1259 Fulvio
1330 1212 1401 1258 A..
1422 1211 1667 1265 Postumio
1711 1211 1980 1258 censoribus
2023 1209 2102 1273 (hi
2135 1209 2341 1274 proximi
2384 1223 2497 1254 cen-

139 1300 270 1329 sores
313 1284 500 1329 suerant
541 1298 581 1327 a.
618 1279 737 1343 174)
786 1282 973 1344 publica
1013 1278 1274 1344 vectigaliav
1292 1284 1395 1331 aut
1421 1285 1545 1330 ultro
1586 1285 1761 1330 tributa
1802 1284 2160 1339 conduxissent,
2210 1284 2270 1328 ad
2312 1284 2494 1327 hastam

139 1373 270 1403 suam
313 1357 557 1402 accederet
599 1355 816 1401 sociusve
859 1363 938 1402 aut
970 1355 1137 1403 adfinis
1173 1356 1275 1404 eius
1312 1357 1632 1404 conductionis
1666 1363 1807 1404 esset.
1871 1356 2024 1418 Saepe
2057 1356 2106 1403 id
2138 1355 2376 1416 querendo
2410 1370 2496 1400 ve—

137 1435 264 1477 teres
304 1427 540 1492 publicani
582 1443 722 1489 quum
765 1426 1017 1491 impetrare
1037 1460 1039 1462 -
1060 1428 1333 1491 nequissent
1364 1431 1429 1477 ab.
1455 1436 1644 1489 senatu,
1693 1435 1745 1477 ut
1777 1429 1963 1476 modum
1997 1428 2217 1491 potestati
2251 1426 2492 1476 censoriae

136 1502 455 1564 imponerent,
489 1501 676 1547 tandem
708 1500 943 1547 tribunum
975 1503 1163 1564 plebis‚'
1177 1500 1235 1548 P.
1268 1502 1521 1584 Rutilium,
1555 1518 1616 1548 ex
1648 1503 1718 1548 rei
1751 1503 1962 1564 privatae
1996 1502 2292 1547 contentione
2325 1501 2494 1545 iratum

138 1574 409 1622 censoribus
442 1581 689 1636 patronum
722 1588 914 1622 caussae
946 1575 1087 1622 nacti
1102 1582 1254 1630 sunt.
1259 1601 1319 1610 —-
1354 1584 1428 1610 -——‘
1448 1603 1509 1610 —-
1574 1575 1703 1622 Hinc
1735 1574 2031 1622 contentione
2065 1581 2191 1630 orta,
2235 1589 2375 1635 quum
2408 1589 2493 1618 ve-

135 1655 263 1694 teres
295 1647 531 1714 publicani
562 1662 614 1693 se
649 1647 709 1693 ad
739 1647 975 1699 tribunum
1009 1647 1337 1706 contulissent,
1368 1649 1550 1711 rogatio
1582 1655 1778 1710 repente
1813 1650 1898 1693 sub
1931 1647 2070 1702 unius
2101 1646 2276 1693 tribuni
2308 1645 2495 1692 nomine

137 1722 506 1785 promulgatur·
538 1712 655 1782 quae
701 1720 888 1785 publica
930 1720 1199 1784 vectigalia,
1249 1722 1373 1772 ultro
1414 1721 1589 1769 tributa
1630 1722 1683 1768 G.
1728 1721 1949 1767 Claudius
1999 1727 2048 1767 et
2089 1720 2147 1766 Τ.
2189 1716 2497 1782 Sempronius

133 1794 384 1849 locassent,
417 1808 473 1848 ea
505 1799 606 1839 rata
638 1792 809 1844 locatio
843 1809 902 1838 ne
936 1799 1088 1854 esset3
1121 1794 1181 1839 de
1214 1784 1399 1856 integro
1431 1794 1712 1850 locarentur,
1747 1802 1794 1839 et
1826 1801 1878 1840 ut
1911 1794 2123 1839 omnibus
2155 1790 2416 1848 redimendi
2449 1797 2498 1835 et

134 1855 423 1910 conducendi
454 1864 719 1925 promiscue
749 1864 829 1927 ius
866 1872 1008 1930 esset.
1020 1869 1048 1891 ‘⁶
1094 1864 1166 1897 -’
1209 1866 1611 1933 Dissuadentibus
1651 1866 1702 1911 ἰιι
1743 1866 1966 1911 concione
2009 1865 2297 1926 rogationem
2331 1878 2497 1908 censo-

132 1935 262 1995 ribus
291 1926 507 1982 tribunus
549 1933 674 1981 diem
715 1931 860 1985 dixit
877 1943 925 1982 et
968 1938 1153 1998 utrique
1187 1937 1371 1983 censori
1412 1937 1787 2004 perduellionem
1830 1955 1882 1984 se
1921 1937 2127 1984 iudicare
2160 1932 2493 1999 pronuntiavit.

134 2008 367 2054 Censores
408 2021 503 2053 non
544 2013 885 2056 recusaverunt
915 2006 1138 2055 iudicium
1171 2008 1350 2071 populi.
1394 2034 1453 2041 —
1521 2008 1702 2066 „Prior
1735 2009 1957 2055 Claudius
1991 2024 2199 2055 caussam
2232 2006 2376 2053 dixit.
2426 2010 2489 2060 et,

133 2095 274 2142 quum
315 2093 387 2126 ex
429 2076 741 2124 duodecim
784 2069 1082 2126 centuriis
1125 2081 1404 2141 equitum
1434 2086 1568 2126 octo
1610 2096 1852 2127 censorem
1886 2081 2295 2135 condemnassent,
2340 2077 2490 2123 mul-

131 2160 343 2214 taeque
377 2151 531 2204 aliae
564 2149 789 2213 primae
822 2150 1067 2209 classis,
1101 2154 1340 2215 extemplo
1373 2152 1688 2215 principes
1722 2149 1999 2199 civitatis
2032 2152 2081 2198 in
2115 2158 2371 2214 conspectu
2404 2164 2492 2212 po-

131 2226 255 2288 puli,
297 2224 493 2270 anulis
537 2222 737 2268 aureis
778 2223 1026 2283 positis,
1070 2232 1298 2284 vestem
1342 2231 1659 2286 mutarunt,
1702 2233 1754 2270 ut
1787 2225 2025 2286 supplices
2058 2226 2247 2286 plebem
2295 2225 2493 2269 circum—

131 2298 267 2346 irent.
279 2301 307 2325 ‘⁶
371 2297 515 2344 Hunc
546 2296 699 2344 locum
738 2294 1021 2357 interpretes
1056 2303 1331 2360 corruptum
1358 2312 1464 2343 esse
1497 2291 1662 2359 putant
1677 2333 1689 2354 ,
1736 2313 1915 2359 proque
1949 2296 2046 2344 XII
2078 2296 2329 2354 centuriis,
2377 2310 2492 2355 quas

134 2386 294 2416 omnes
335 2367 443 2415 libri
475 2368 666 2425 habent,
698 2368 792 2429 legi
824 2367 991 2415 volunt
1022 2368 1200 2434 XVIII.
1264 2368 1364 2416 Sed
1395 2384 1489 2416 non
1521 2368 1742 2416 viderunt
1782 2368 1875 2416 tria
1918 2368 1996 2417 hic
2038 2386 2213 2432 genera
2254 2369 2490 2417 hominum

132 2439 377 2505 distingui,
425 2438 625 2504 primum
667 2439 1021 2502 publicanorum
1062 2440 1295 2505 ipsorum,
1344 2440 1423 2500 qui
1466 2455 1625 2488 secum
1668 2436 1908 2502 duxerunt
1951 2443 2123 2490 multas
2165 2442 2271 2490 illas
2313 2442 2490 2505 primae

133 2514 294 2566 classis
320 2511 568 2575 centurias,
601 2527 716 2571 quas
733 2512 901 2560 Livius
928 2512 1056 2571 dicit,
1090 2521 1223 2561 erant
1248 2513 1371 2569 enim
1402 2512 1452 2558 in
1483 2513 1558 2559 his
1592 2514 1833 2571 centuriis,
1867 2514 1976 2573 quia
2001 2531 2193 2562 censum
2227 2520 2491 2574 equestrem

131 2588 387 2647 habebantt
435 2584 688 2648 secundum
722 2584 932 2642 equitum
965 2600 1087 2644 equo
1102 2639 1106 2642 ¹
1117 2586 1306 2679 publico
1319 2620 1331 2642 ,
1373 2577 1454 2645 qui
1472 2585 1537 2635 in
1567 2586 1663 2632 XII
1695 2587 1919 2636 centuriis
1952 2595 2111 2646 erant,
2157 2590 2428 2644 stabantque
2463 2599 2491 2629 a

134 2767 194 2808 ⁰·¹)
216 2766 271 2798 De
294 2765 455 2797 custodiis
477 2765 742 2807 publicanorum,
764 2766 787 2797 i.
809 2775 839 2798 e.
863 2767 986 2807 servis,
1010 2768 1065 2819 qui
1082 2777 1196 2800 curam
1212 2768 1269 2800 ba·
1348 2768 1409 2810 ⁰)
1432 2767 1557 2812 Neque
1578 2770 1667 2802 enim
1702 2771 1793 2803 ailud
1827 2771 1931 2803 intell·
1989 2777 2088 2815 potes
2089 2777 2102 2803 t
2131 2771 2196 2803 bac
2226 2775 2358 2808 ae‚tate
2392 2769 2423 2800 is
2406 2778 2490 2811 sueq

173 2809 297 2843 hobam
319 2808 547 2852 portariorum
566 2808 807 2843 maritimorum
824 2814 858 2843 et
875 2810 1085 2845 terrestrium
1101 2821 1135 2846 v.
1153 2811 1267 2845 Garat.
1387 2816 1548 2846 constans
1580 2812 1670 2847 Livii
1701 2825 1780 2848 usus
1812 2820 1873 2848 est.
1906 2772 2088 2849 eligimus
2069 2816 2111 2855 9,
2139 2815 2191 2849 38.
2215 2818 2250 2846 et
2272 2812 2359 2845 alios
2380 2811 2487 2851 locos,

172 2853 217 2885 ad
241 2853 310 2885 sic.
333 2852 377 2885 de
399 2863 448 2895 pr.
473 2862 565 2884 c.ons
589 2853 621 2884 5.
669 2889 671 2891 ,
1388 2864 1433 2897 qu
1413 2865 1474 2887 uos
1496 2856 1636 2890 laudavi
1659 2868 1688 2890 c.
1711 2861 1743 2898 4,
1766 2858 1793 2901 §-
1817 2858 1838 2891 3
1861 2864 1932 2893 not.
1956 2861 2009 2893 44.
2046 2859 2072 2902 §-
2095 2861 2116 2893 4
2138 2868 2169 2890 ιι.
2192 2856 2248 2892 67.
2270 2856 2324 2890 74.
2348 2856 2404 2888 lib.
2429 2854 2487 2895 lv,

134 2897 191 2937 ¹0⁶)
215 2895 295 2929 Cice
276 2907 335 2929 ero
358 2895 401 2929 de
423 2906 519 2940 prov.
543 2905 633 2929 cons.
658 2896 689 2930 5.
1386 2908 1415 2930 c.
1437 2899 1469 2933 3.
