2720 3402
193 242 501 306 corruptionis
541 243 805 307 suspicione
846 244 1026 306 equites
1066 244 1318 302 iudicasse,
1341 243 1402 305 ³¹)
1441 250 1595 290 tamen
1625 243 1683 290 in.
1715 243 1790 291 his
1832 258 1936 290 eum
1976 258 2170 290 caussae
2210 244 2357 306 magis
2397 260 2525 302 suae,

190 332 328 378 quam
368 316 577 364 veritatis
619 316 844 363 rationem
884 318 1101 366 habuisse
1144 324 1192 365 et
1221 316 1426 380 Appiani
1465 314 1780 364 testimonium
1823 316 1981 372 docet,
2004 316 2066 378 ³²)
2110 322 2158 363 et
2190 332 2252 363 ex
2282 317 2365 375 iis,
2407 335 2525 379 quae

190 396 357 455 postea
387 391 673 449 acciderunt,
721 391 1014 457 perspicitur.
1079 391 1407 441 Crescentibus
1439 395 1591 436 autem
1633 389 1682 436 in
1714 388 1814 436 dies
1846 387 2116 448 discordiis,
2158 388 2226 438 ita
2258 396 2310 439 ut
2339 407 2368 438 a
2397 390 2527 439 civili

190 466 315 512 bello
361 481 454 511 non
494 465 670 526 procul·
696 466 934 523 abessent,
982 466 1341 528 viderenturque
1384 462 1515 526 quasi
1553 461 1754 507 numinis
1795 461 2031 508 cuiusdam
2070 463 2141 509 ira
2187 469 2350 511 contra
2396 465 2526 529 ipsos

191 538 433 593 concitari,
478 537 556 597 qui
587 538 679 583 uina
708 540 944 598 hucusque
985 539 1248 585 saevierant
1284 539 1335 584 in
1365 535 1632 598 provincias
1646 569 1658 590 ‚
1699 534 1805 579 fieri
1836 550 1930 579 non
1959 537 2133 595 potuit,
2175 539 2286 597 quin
2320 539 2527 598 equitum

191 625 372 672 quoque
404 609 539 657 binae
565 616 720 673 partes
746 617 918 668 essent,
951 610 1235 673 quibusdam,
1268 615 1320 656 ut
1342 623 1486 671 supra
1511 604 1709 663 ostendi,
1742 621 1844 652 cum
1869 606 2108 654 nobilitate
2134 609 2526 676 facientibus‚³²·)

172 682 428 746 *plerisque
459 684 686 730 nobilitati
716 684 915 730 infestis.
966 685 1118 745 Atque
1143 685 1260 730 baec
1286 696 1449 728 caussa
1473 687 1561 736 est,
1593 680 1719 740 quod
1734 679 1879 736 Sulla,
1912 680 2080 736 „homo
2113 696 2140 727 a
2170 685 2331 746 populi
2361 697 2528 734 caussa

191 756 528 803 remotissimus
562 764 609 803 et
640 757 844 818 equestri
875 757 1026 803 ordini
1058 757 1310 811 offensus“,
1342 761 1587 817 postquam
1619 768 1736 814 „pro
1761 752 1843 798 illa
1873 752 2124 799 acerbitate
2157 758 2525 820 proscriptionis,

194 844 283 891 qua
308 844 418 875 usus
446 836 517 876 est
540 829 588 876 in
614 836 801 876 veteres
826 828 1049 887 iudices“‚
1082 845 1198 892 „pro
1223 828 1305 881 illo
1333 827 1456 885 odio,
1488 826 1611 888 quod
1636 824 1798 872 habuit
1828 824 1877 871 in
1911 833 2173 887 equestrem
2205 830 2525 896 ordinem“,³³)

193 918 234 948 a.
265 902 328 948 83
359 920 399 949 a.
433 903 539 952 Chr.
571 920 616 949 n.
650 904 750 949 solo
782 903 917 949 MDc
949 902 1128 964 equites
1160 902 1416 958 interfecit,
1438 900 1499 963 ³⁴)
1541 900 1685 947 multo
1718 900 1881 961 plures
1921 900 2046 946 bello
2080 900 2325 949 universo=
2347 906 2406 966 ³³)
2448 923 2525 952 se-

193 981 361 1035 quente
393 991 511 1021 anno
543 981 775 1022 trecentos
808 974 986 1035 equites
1018 974 1067 1021 in
1099 981 1308 1023 senatum
1340 973 1468 1036 legit,
1501 974 1585 1020 sed
1611 981 1656 1022 ἐκ
1682 984 1760 1022 τῶν
1785 980 1950 1036 ἀρίσιων
1975 979 2148 1029 ἱππέων,
2163 973 2224 1035 ³⁶)
2256 974 2287 1020 i.
2315 992 2355 1022 e.
2383 993 2409 1022 e
2441 993 2526 1024 no—

193 1047 352 1094 bilium
384 1048 518 1105 filiis,
560 1065 586 1094 a
618 1048 783 1109 quibus
815 1048 990 1094 diserte
1024 1048 1365 1109 distinguuntur
1396 1054 1434 1097 οἳ
1459 1040 1694 1107 mamitos
1719 1054 1871 1102 ἱππετς,
1892 1045 1953 1106 ³⁷)
1994 1046 2025 1091 i.
2059 1063 2101 1094 e.
2135 1048 2215 1107 qui
2248 1065 2391 1096 censu
2423 1058 2531 1097 sunt

195 1119 389 1181 equites.
445 1120 625 1166 Eodem
657 1135 776 1165 anno
803 1119 935 1164 Sulla
960 1118 1215 1165 Praeneste
1248 1118 1505 1175 obsidente,
1538 1118 1911 1179 Samnitibusque
1942 1117 2200 1180 improviso
2232 1120 2411 1183 impetu
2444 1140 2530 1186 op—

193 1192 395 1256 primere
428 1193 590 1238 urbem
621 1191 815 1237 Romam
847 1189 1132 1248 conantibus,
1170 1191 1354 1239 obviam
1385 1191 1458 1239 his
1489 1190 1676 1237 ivenmt
1705 1189 1900 1237 iuvenes
1931 1191 2111 1238 nobiles
2143 1193 2300 1256 Appio
2334 1195 2529 1244 Claudio

195 1267 312 1311 duce
344 1265 490 1327 (Plut.
524 1265 641 1311 Sull.
673 1264 750 1321 29,
782 1264 943 1310 Drum.
976 1263 1022 1320 2,
1053 1279 1100 1327 p.
1132 1263 1246 1326 466)
1278 1264 1524 1326 iidemque,
1561 1263 1603 1309 si
1634 1263 1744 1325 quid
1774 1263 1929 1323 video,
1960 1263 2011 1310 in
2041 1265 2204 1313 funere
2237 1267 2398 1316 Sullae
2429 1277 2530 1318 tur-

197 1338 355 1384 matim
386 1338 689 1383 decurrerunt
720 1336 864 1398 (App.
896 1337 954 1381 B.
988 1338 1040 1382 C.
1077 1337 1119 1393 l,
1164 1337 1279 1394 1063
1318 1340 1377 1383 cf.
1410 1338 1442 1382 l.
1473 1338 1560 1382 III.
1593 1353 1632 1381 c.
1665 1337 1710 1392 3,
1742 1337 1789 1397 §.
1820 1336 1886 1398 3).
1952 1338 2123 1384 Contra
2154 1340 2353 1397 Marius,
2396 1345 2528 1390 cuius

196 1418 354 1475 partes
396 1410 510 1458 ordo
553 1417 770 1472 equester
809 1411 1110 1472 sequebatur,
1131 1409 1192 1472 ³⁸)
1208 1424 1297 1457 *ex
1337 1429 1427 1473 quo
1469 1409 1627 1457 effecit
1657 1409 1983 1457 Antisenatum
2019 1428 2153 1458 suum
2184 1413 2444 1474 Sulpicius,
2465 1419 2527 1479 ³⁹)

196 1500 291 1533 non
321 1499 494 1547 paucos
527 1483 706 1546 equites
737 1483 935 1531 traditur
965 1483 1222 1543 necavisse,
1244 1482 1304 1546 ⁴⁰)
1335 1483 1460 1532 haud
1492 1483 1631 1531 dubie
1664 1500 1761 1540 eos,
1794 1483 1871 1544 qui
1902 1500 2005 1530 cum
2037 1484 2268 1532 nobilibus
2300 1489 2530 1538 coniuncti

198 1565 370 1615 essent,
401 1562 454 1604 ut
486 1557 539 1604 C.
570 1556 650 1603 ille
682 1556 995 1614 Numitorius,
1018 1556 1078 1618 ⁴¹)
1125 1570 1245 1603 unus
1277 1572 1339 1604 ex
1368 1556 1572 1619 posteris
1605 1557 1663 1619 Q.
1695 1555 1946 1603 Numitorii
1975 1556 2117 1615 Pulli,
2148 1558 2532 1622 Fregellanorum

195 1630 447 1695 principis,
487 1630 565 1691 qui
597 1646 637 1676 a.
674 1630 764 1676 125
795 1630 1001 1693 praetori
1031 1631 1088 1677 L.
1122 1629 1334 1692 Opimio,
1378 1631 1430 1675 C.
1464 1629 1668 1676 Gracchi
1700 1629 1982 1686 adversario,
2017 1631 2380 1681 coniurationem
2413 1636 2532 1683 Fre—

196 1705 482 1767 gellanorum
508 1702 834 1765 aperuerat,⁴²)
867 1701 1089 1764 cuiusque
1114 1702 1210 1749 filia
1229 1701 1294 1747 M.
1313 1701 1515 1773 Antonio
1533 1701 1730 1759 Cretico,
1764 1701 1867 1748 viro
1892 1701 2196 1761 nobilissimo,
2229 1709 2531 1771 nupserat.⁴³)

197 1778 274 1823 Ad
305 1792 421 1838 quae
455 1776 496 1822 si
528 1776 762 1827 addideris
796 1777 1061 1838 exemplum
1094 1776 1407 1832 Octaviorum,
1442 1775 1644 1822 familiae
1677 1776 1921 1837 equestris,
1954 1777 2039 1822 sed
2069 1778 2301 1824 nobilibus
2334 1780 2533 1839 deditae,

195 1849 394 1909 denique
423 1849 640 1910 Pompeii
665 1849 838 1910 Magni,
871 1849 949 1909 qui
981 1864 1123 1910 eques
1150 1848 1386 1896 Romanus
1419 1863 1538 1909 equo
1568 1865 1632 1911 p.,
1665 1848 1823 1894 Sullae
1855 1850 1912 1895 ab
1943 1849 2077 1896 initio
2109 1851 2212 1907 fuit,
2244 1860 2353 1914 post
2385 1853 2533 1902 Grac-

199 1922 311 1969 chos
351 1920 417 1967 ita
457 1920 666 1968 ordinem
707 1928 968 1982 equestrem
1000 1921 1233 1983 intelliges
1267 1920 1466 1977 divisum
1499 1921 1669 1977 fuisse,
1716 1927 1768 1967 ut
1801 1921 1874 1968 vis
1907 1922 2083 1970 ordinis
2115 1931 2252 1986 atque
2285 1928 2531 1974 auctoritas

200 2001 327 2043 esset
353 2010 512 2057 ¹penes
552 1993 821 2057 publicanos
864 1994 1142 2051 iudicantes,
1185 1995 1269 2040 sed
1302 2000 1428 2041 esset
1467 1993 1515 2040 in
1557 1994 1777 2041 centuriis
1818 1996 2018 2042 maxime
2062 1998 2265 2058 equitum
2307 2002 2531 2059 quaedam

201 2085 333 2132 pars,
382 2084 497 2128 quae
545 2067 772 2114 nobilitati
815 2069 1017 2123 faveret,
1067 2083 1168 2113 cum
1210 2061 1355 2127 eaque
1405 2067 1640 2128 sanguinis
1683 2067 1868 2115 vinculo
1921 2076 2046 2114 arcte
2097 2070 2338 2117 coniuncta
2389 2082 2530 2121 esset.

203 2142 362 2198 Haec,
405 2156 494 2202 quo
526 2141 686 2202 plures
718 2143 829 2187 novi
861 2139 1069 2187 homines
1102 2146 1150 2187 et
1179 2145 1289 2202 post
1319 2137 1582 2185 iudiciarias
1615 2139 1744 2201 leges
1777 2146 1835 2186 „et
1873 2155 1961 2202 per
2002 2141 2125 2189 bella
2165 2142 2323 2190 civilia
2362 2161 2534 2195 nomen

201 2214 407 2276 equitum
439 2215 528 2259 sibi
560 2221 878 2276 sumpserunt,
920 2214 1000 2259 vel
1030 2220 1254 2259 venerant
1285 2211 1422 2257 etiam
1461 2211 1512 2258 in
1552 2212 1782 2257 centurias
1814 2213 2046 2274 equitum,
2088 2231 2146 2261 eo
2179 2217 2449 2280 diligentius
2481 2237 2534 2267 se

207 2374 252 2417 υ)
275 2374 309 2407 in
330 2371 429 2405 Verr.
455 2372 485 2411 1,
511 2371 570 2410 133
594 2370 695 2404 divin.
719 2382 748 2403 c.
773 2369 978 2410 133Ascon.
1000 2368 1046 2402 ad
1068 2373 1242 2412 utrumque
1261 2366 1284 2401 l.
1447 2366 1686 2441 appellati,
1720 2372 1858 2421 atque·
1880 2368 1931 2402 ob
1962 2369 2055 2403 elus
2078 2371 2156 2404 ‚rei
2191 2372 2401 2409 invidiam
2435 2384 2535 2419 post

206 2420 252 2461 ³²)
275 2418 362 2459 App.
386 2415 428 2447 B.
452 2414 489 2446 C.
515 2416 551 2453 l,
573 2416 635 2454 22,
656 2416 710 2454 35,
732 2416 785 2447 37.
1446 2412 1499 2442 Su
1527 2410 1664 2442 lanam
1691 2417 1930 2444 victoriam
1958 2418 2083 2445 erant
2105 2415 2347 2450 interfecti.
2394 2418 2446 2451 De
2468 2420 2533 2453 dis·

206 2465 236 2483 ³²
245 2461 277 2504 ¹¹)
300 2459 342 2493 Cf·
365 2458 421 2491 m)-
443 2456 465 2490 Ῑ·
489 2461 572 2490 0¹⁸¹·-
1446 2453 1659 2495 crepantibus
1680 2452 1917 2488 historicorum
1940 2455 1983 2488 de
2006 2466 2145 2492 numero
2166 2460 2354 2494 occisorum
2376 2465 2534 2496 Mo,

207 2505 253 2547 ³³)
277 2504 344 2537 Cic.
377 2513 440 2545 pro
462 2500 590 2534 cluent.
613 2501 672 2538 553
710 2499 752 2531 cf.
776 2510 808 2541 p.
831 2499 932 2531 Rosc.
955 2498 1068 2531 Amet.
1095 2497 1146 2531 48.
1183 2496 1328 2530 Videant
1447 2496 1543 2529 nibus
1565 2507 1597 2529 v.
1620 2496 1851 2531 Drumannum
1873 2498 1913 2540 2,
1942 2498 2016 2533 473.

249 2547 443 2591 (optimates
464 2543 607 2585 Sullani)
631 2553 673 2575 ne
696 2548 792 2585 turpe
815 2543 1037 2585 miserumque
1058 2542 1119 2582 sit,
1149 2552 1225 2581 eos,
1256 2540 1327 2584 qui
1405 2541 1450 2582 ³⁰)
1474 2541 1562 2583 App.
1584 2538 1606 2572 l.
1629 2539 1651 2573 1.
1676 2542 1750 2575 100.

250 2595 494 2642 equum-qm
516 2585 937 2663 ε’μοιίἓιιιὶιίΐιὲῑῖἒηῗιιιῖῖἔτὶἓ
967 2590 1325 2663 ”dgepomerum’
1404 2586 1449 2670 ἒξ
1472 2583 1678 2661 &obbianum
1705 2628 1751 2661 ad
1781 2640 1821 2662 or
1862 2640 1903 2671 pr
1943 2629 2070 2664 Roscio
2102 2633 2204 2667 Amen·
2244 2636 2303 2667 47·
2370 2645 2416 2667 ro
2448 2635 2489 2669 Μ

209 2631 548 2722 οι)κὶἴ)ἷ».“ῗ.ωὸῗίῗ,ι
566 2675 620 2709 95.
765 2716 774 2726 .
958 2642 980 2673 P
1062 2655 1070 2663 ’
1317 2715 1325 2724 ·
1445 2670 1568 2702 riana
1619 2675 1735 2712 arte,
1767 2655 1846 2716 prb
1870 2655 2093 2717 equitibus
2115 2658 2320 2711 Romanis.
2341 2646 2363 2676 p
2497 2648 2535 2669 a·

209 2724 256 2767 ³⁸)
274 2722 322 2757 lb.
345 2720 418 2757 103.
464 2718 532 2754 Cic.
555 2717 669 2764 fragm.
691 2728 742 2769 .⁰¹'·
765 2727 798 2751 m
821 2721 888 2783 tpg.
911 2715 1009 2751 cand.
1053 2715 1113 2752 Ab
1136 2727 1183 2760 eq
1194 2720 1327 2750 uestri
1405 2715 1450 2781 ῘΣ)
1473 2713 1564 2790 glut.
1584 2680 1682 2791 {alig
1700 2714 1733 2751 8.

251 2761 847 2853 3?‘315¹‘6.‘.¹⁰3;¹3„‘5.¹¹.2¹.⁶2‡212;
877 2760 1328 2848 530q¹¹6¹1¹¹nffi¹¹1¹sA3⁰2³13¹3
1406 2761 1451 2846 „3
1474 2769 1594 2855 ÷.}‘¹’⁷·2.
1621 2783 1643 2855 ζ
1682 2784 1690 2791 ·
1717 2761 1729 2793 ¹
1736 2784 1746 2799 ’
1769 2761 1820 2794 ⁷¹·

253 2854 369 2886 tibus
391 2856 543 2885 contra
565 2849 728 2883 Sullam
750 2852 958 2887 steterat,
991 2847 1149 2880 multas
1188 2857 1238 2879 ue
1258 2856 1328 2888 pe·
1407 2847 1452 2888 ⁴²)
1475 2845 1544 2879 Cic.
1568 2845 1761 2898 ‹le-unvent.
1784 2846 1817 2887 2,
1840 2847 1894 2888 34,
1920 2849 1992 2882 105.

255 2897 408 2929 eunias
441 2893 707 2928 abstulerat:
744 2902 793 2924 ex
820 2902 901 2935 quo
932 2890 1155 2923 saeculari
1206 2894 1330 2922 erant
1407 2890 1452 2932 ⁴³)
1475 2889 1546 2922 Cic.
1569 2888 1718 2934 Philipp.
1741 2892 1782 2931 3,
1803 2892 1843 2931 6,
1869 2892 1918 2924 17.

1963 2948 2022 2989 4.
