2720 3402
185 142 283 193 68

187 293 285 333 tum
329 285 435 332 fieri
467 287 644 349 potuit,
690 286 872 346 equites
915 286 984 332 R:
1016 300 1089 345 eq.
1134 302 1181 348 p.
1224 277 1580 349 recuperarent,
1626 280 1888 340 ceterisque
1925 281 2104 327 honore
2147 285 2286 340 atque
2328 279 2552 343 dignitate

186 359 544 421 praecellerent.
607 360 789 406 Eodem
823 359 1019 405 consilio
1053 358 1413 405 transvectionis
1447 371 1622 403 morem
1653 353 1856 400 reduxit.
1878 352 1940 413 24)

396 431 442 477 2.
485 430 570 476 Bis
604 431 727 478 enim
761 432 924 478 urbem
958 432 1228 494 spectaculo
1262 430 1334 478 sni
1368 427 1598 490 equestris
1632 424 1807 474 ordinis
1840 424 2131 471 iuventutem
2176 424 2388 470 omnibus
2422 423 2554 470 annis

190 505 480 559 celebrasse,
513 503 855 565 Lupercalibus
890 511 1030 564 atque
1062 505 1227 550 Idibus
1258 503 1417 560 Iuliis,
1449 500 1666 548 Valerius
1697 497 1931 545 Maximus
1965 502 2126 544 auctor
2158 502 2243 543 est.
2267 495 2329 558 2·”)
2393 494 2463 541 Ac
2495 496 2554 541 de

192 575 287 620 illis
321 576 508 633 quidem
544 576 662 621 nihil
696 583 946 637 praeterea
978 576 1201 622 traditum
1234 575 1419 631 inveni,
1461 573 1551 620 nisi
1583 573 1707 617 forte
1737 570 1934 615 iuvenes
1966 569 2060 625 illi,
2103 569 2184 627 qui
2214 567 2556 630 Lupercalibus

193 647 240 693 in
272 646 527 707 Lupercali
559 646 608 693 in
640 648 803 694 Panos
834 648 1061 694 honorem
1096 665 1227 694 sacra
1259 646 1516 701 faciebant,
1538 644 1599 704 ²⁶)
1633 642 1812 701 equites
1846 647 2002 696 erant,
2037 648 2116 686 aut
2148 656 2278 686 sacra
2309 640 2405 693 illa,
2438 654 2557 697 quae

194 718 252 763 ad
306 718 501 763 Celeres
554 718 665 764 olim
719 719 1008 781 pertinuisse
1062 718 1321 779 Dionysius
1377 716 1562 772 scribit,
1584 714 1645 775 2²)
1697 728 1799 759 cum
1851 711 1926 758 his
1978 711 2223 758 coniuncta
2271 712 2473 757 fuerunt.
2496 709 2557 770 ²⁸)

192 789 356 834 Idibus
383 790 532 835 Iulius
565 791 795 836 solemnia
822 791 1067 837 Castorum
1102 789 1469 843 celebrabantur,
1504 787 1758 846 eodemque
1792 782 1867 829 die
1901 788 1949 828 et
1981 783 2122 829 aedes
2148 781 2370 840 Castoris,
2405 797 2445 828 a.
2463 780 2559 828 496

196 877 236 907 a.
271 861 386 906 Chr.
416 861 655 917 dedicata,
678 862 740 923 ²⁹)
791 878 926 922 quam
958 863 1128 907 Latino
1174 863 1299 907 bello
1342 859 1543 904 dictator
1574 856 1874 903 Posthumius
1916 861 2136 910 voverat,
2185 861 2235 900 et
2275 852 2559 900 transvectio

195 931 397 994 primum
431 939 558 989 acta,
593 934 697 981 sive
731 934 811 980 illa
844 936 901 979 ab
934 934 1099 979 eodem
1133 932 1384 985 dictatore,
1419 945 1536 989 quae
1569 927 1789 989 Dionysii
1822 933 1895 973 est
1927 925 2181 982 sententia,
2218 932 2327 988 post
2357 929 2560 988 pugnam

197 1004 257 1051 ad
286 1004 541 1068 Regillum,
559 1007 620 1068 ³⁰)
653 1007 772 1060 sive,
804 1013 855 1052 ut
882 1005 1052 1052 Livius
1084 1004 1163 1062 ait,
1197 1013 1229 1052 a'
1251 1005 1309 1067 Q.
1338 1002 1487 1049 Fabio
1518 1001 1724 1049 Maximo
1757 1017 1797 1047 a.
1825 1000 1919 1046 3⁰5
1952 1016 1991 1046 a.
2020 1000 2128 1046 Chr.
2162 998 2374 1045 instituta
2406 994 2561 1057 est.³¹)

198 1078 363 1123 Idibus
397 1078 544 1139 igitur
572 1078 885 1139 Quintilibus,
925 1077 1128 1137 peractis
1161 1074 1420 1138 magnificis
1453 1074 1502 1119 in
1538 1074 1655 1120 aede
1689 1074 1932 1118 Castorum
1975 1087 2061 1133 per
2092 1071 2322 1133 primores
2355 1069 2562 1130 equitum

201 1150 465 1206 sacrificiis,
508 1164 725 1211 pompam
758 1149 988 1195 ducebant
1021 1148 1204 1208 equites
1247 1165 1367 1208 equo
1410 1145 1622 1208 public03
1645 1144 1706 1207 ²²)
1756 1144 1896 1190 divisi
1938 1144 1985 1190 in
2030 1160 2116 1190 sex
2146 1151 2347 1198 turmas,
2391 1142 2561 1188 seviris

202 1222 408 1282 equitum
441 1221 753 1267 Romanorum
789 1221 1087 1281 ducibus,³³)‘
1110 1237 1196 1266 suo
1230 1221 1425 1281 quisque
1460 1220 1646 1275 ordine',
1681 1219 1812 1280 quasi
1846 1234 1873 1264 e
1907 1234 2063 1281 pugna
2095 1217 2394 1279 redirent,³⁴)
2429 1231 2562 1264 coro-

202 1293 298 1340 nati
331 1293 498 1340 fronde
532 1292 768 1354 oleagina,
791 1293 852 1355 ³⁵)
886 1293 1060 1340 trabeis
1092 1293 1269 1349 induti,
1293 1294 1354 1353 ³⁰)
1387 1293 1571 1338 initium
1604 1307 1803 1352 pompae
1837 1292 2063 1336 facientes
2097 1307 2124 1335 a
2156 1291 2355 1350 quodam
2387 1290 2562 1349 templo

207 1465 252 1506 ιι)
275 1464 372 1497 Suet.
397 1460 476 1496 oct.
501 1463 559 1498 ³8.

206 1528 253 1569 τε)
276 1526 310 1566 2,
331 1525 367 1566 2,
389 1526 425 1558 9.

210 1593 255 1633 ²0)
277 1590 386 1623 Van-0
410 1590 453 1623 de
477 1590 516 1623 L.
541 1589 580 1623 L.
603 1591 636 1631 4,
662 1591 711 1625 13-
757 1591 790 1632 5,
814 1592 846 1626 3·

211 1656 256 1698 ²¹¹)
279 1656 312 1695 2,
334 1653 377 1687 64
396 1656 505 1698 p.372
520 1654 561 1688 R.
597 1655 655 1694 τήν
677 1655 714 1689 δὲ
737 1659 850 1701 τρίτην
872 1656 955 1697 (τῶν
969 1656 1180 1701 ἱερουργιῶν)
1204 1655 1349 1694 διάταξιν

252 1698 399 1731 ἀπέδωκε
431 1700 499 1732 τοῖς
523 1698 666 1741 ἡγεμόσι
690 1699 754 1732 τῶν
777 1700 934 1742 κελερίων
952 1715 997 1723 -
1019 1702 1074 1733 καὶ
1096 1699 1163 1744 γὰρ
1188 1693 1277 1731 οὗτοι
1300 1710 1349 1731 τε·

251 1743 418 1784 ταγμένας
439 1741 529 1776 τινάς
550 1742 746 1787 ἱερουργίας
767 1743 946 1775 ἐπετέλουν.

213 1805 259 1847 ²⁸)
282 1802 414 1836 Nescio
436 1814 480 1836 an
502 1804 647 1845 antiquis
670 1809 736 1836 tem
764 1804 878 1837 oribus
901 1802 956 1836 Ne
982 1803 1052 1835 tuui
1074 1802 1253 1845 Equestris
1284 1802 1350 1845 (cf.

254 1847 331 1880 Liv.
360 1846 390 1887 1,
412 1847 446 1881 9.
491 1846 636 1879 Diodor.
655 1848 687 1886 5,
753 1848 768 1890 )
793 1847 904 1879 cultus
924 1857 944 1878 a
992 1847 1123 1888 equites
1147 1847 1353 1888 pertinuerit.

254 1890 426 1922 Fortunae
449 1891 596 1931 equestri
619 1900 649 1921 a.
670 1889 713 1921 22
736 1901 772 1932 p.
794 1889 870 1922 Chr.
895 1899 956 1931 pro
982 1889 1167 1921 valitudine
1181 1889 1354 1932 Augustae

253 1931 395 1975 Equites
418 1932 564 1965 Romani
586 1932 715 1965 donum
736 1937 874 1965 vovent.
911 1931 992 1964 Tac.
1010 1932 1098 1964 Anu.
1119 1933 1155 1972 3,
1177 1931 1234 1966 71.
1254 1938 1287 1965 et
1311 1932 1354 1964 de

254 1975 390 2008 fortuna
412 1974 573 2017 Equestri
595 1976 740 2019 interpp.
765 1976 809 2008 ad
834 1975 866 2007 h.
889 1975 910 2007 1.

214 2042 258 2083 ²⁹)
282 2040 361 2074 mv.
382 2039 417 2081 2,
439 2039 495 2075 aa.

213 2107 258 2146 ³⁰)
282 2104 426 2147 Dionys.
450 2105 483 2144 6,
511 2105 554 2138 13
573 2115 605 2147 p.
633 2103 718 2138 1068
740 2104 780 2136 R.
816 2114 913 2146 quem
937 2105 968 2136 in
994 2103 1224 2145 descriptione
1247 2108 1354 2135 trans-

255 2148 421 2179 vectionis
444 2152 580 2180 secutus
604 2157 696 2187 sum,
720 2147 917 2189 quibusdam
941 2147 1077 2179 aliunde
1098 2146 1233 2178 additis.

215 2214 260 2254 ³¹)
284 2211 358 2244 Liv.
383 2212 417 2251 9,
439 2211 496 2244 46.
540 2211 652 2244 Valer.
675 2210 772 2245 Max.
797 2213 831 2253 2,
853 2211 889 2252 ⁴2,
911 2211 943 2244 9.
990 2212 1070 2245 Aur.
1096 2211 1185 2244 Vict-
1207 2212 1263 2245 3⁸2.

215 2280 544 2356 33)011111ἰ311ὀι·11111111
558 2291 722 2356 311113211110
759 2281 1241 2356 ublssco2tran¹s1wl⁷ectus
1276 2285 1354 2310 est.

256 2333 540 2405 ,,11181118“τῗ(ε);1111’11
556 2335 624 2397 noli
647 2335 842 2407 1)ῃονέἓὲιῖ-
860 2329 1015 2405 ἓουῐῑιὶξ.
1030 2367 1085 2408 qui
1108 2333 1197 2407 {qlllo
1207 2333 1357 2409 13111)ῗίίίτῖ

257 2409 290 2441 in
315 2419 418 2441 causa
441 2408 572 2450 publica
596 2408 639 2450 (l.
656 2409 689 2441 in
703 2409 903 2451 Capitolium
928 2410 969 2442 cf.
984 2410 1097 2442 Cuiuc.
1113 2408 1215 2442 obss.
1233 2411 1283 2447 13,
1295 2408 1355 2449 29)

258 2450 499 2483 transvehatur
509 2454 540 2483 “.
599 2451 640 2484 cf.
676 2453 771 2485 Suet.
807 2451 884 2485 oet.
919 2453 972 2486 38.
1029 2451 1185 2494 „Neque
1221 2451 1356 2483 detrahi

259 2504 462 2537 quemquam
493 2494 526 2527 in
553 2495 804 2529 transvehendo
828 2496 871 2529 ab
893 2501 1094 2529 accusatore
1115 2507 1238 2540 passus
1261 2498 1354 2528 est“.

217 2567 264 2607 ⁸³)
288 2564 447 2608 Dionysii
469 2564 575 2597 verba
598 2570 674 2597 suunt
695 2565 778 2599 κατὰ
799 2578 820 2608 q
828 2567 903 2600 vacis
925 2576 957 2598 τε
979 2567 1035 2598 καὶ
1058 2566 1175 2609 λόχους
1196 2575 1355 2610 κεκοσμη-

258 2610 373 2652 μένοι,
401 2618 490 2651 quae
513 2607 670 2640 Reiskius
691 2609 928 2650 interpretatur
960 2609 1157 2641 tributim
1187 2614 1224 2640 et
1256 2619 1354 2641 ceu-

260 2652 458 2684 turiatim
491 2650 715 2684 distincti.
760 2652 829 2684 sed
854 2662 1043 2694 quanquam
1074 2663 1127 2692 ap.
1153 2652 1296 2686 Dionvs.
1322 2653 1354 2691 4,

262 2695 304 2728 18
335 2706 370 2738 p.
398 2694 459 2730 681
494 2695 535 2728 R.
566 2695 787 2728 damatam«
816 2697 909 2738 λόχοι
937 2700 1014 2727 sunt
1038 2695 1146 2728 XVlll
1171 2689 1354 2734 centuriae,

261 2738 482 2770 turmatim
505 2743 618 2770 autem
642 2737 717 2769 aliis
740 2737 824 2769 locis
847 2737 949 2769 vertit
972 2739 1054 2769 κατὰ
1075 2741 1155 2779 τέλη,
1178 2740 1275 2779 (in-1,
1299 2738 1353 2776 ⁶22,

261 2791 293 2823 p.
316 2781 390 2815 690.
424 2781 458 2820 5,
482 2782 536 2820 46,
560 2790 593 2823 p.
618 2779 680 2814 951
700 2779 759 2822 R.)
784 2786 895 2813 tamen
918 2785 951 2813 et
975 2786 1088 2814 notum
1112 2787 1163 2814 est
1188 2782 1354 2815 turmatim

258 2825 293 2857 in
316 2825 567 2857 transvectione
591 2824 723 2866 equites
745 2824 939 2863 incessisse,
963 2825 1019 2864 (v.
1044 2825 1122 2857 Tac.
1137 2827 1223 2859 Ann.
1246 2825 1278 2864 2,
1301 2825 1355 2858 83.

259 2867 370 2899 Varro
393 2868 437 2900 de
460 2868 500 2900 L.
525 2868 564 2900 L.
588 2868 620 2902 5.
644 2867 689 2901 93
712 2868 836 2909 Speng.
877 2867 986 2899 paulu
1011 2878 1083 2899 exc.
1109 2880 1141 2910 p.
1169 2869 1230 2902 153
1256 2868 1353 2901 Liutl.

261 2910 382 2943 Festus
405 2922 437 2953 p.
461 2911 526 2945 270
549 2910 646 2943 Lind.
693 2911 822 2943 Statius
844 2910 884 2950 5,
908 2913 948 2950 2,
976 2912 1015 2943 18
1037 2917 1069 2942 et
1093 2911 1149 2944 alii
1174 2912 1289 2954 multi)
1323 2917 1355 2944 et

1470 1463 1557 1495 idem
1571 1461 1713 1514 Dionys.
1727 1463 1759 1502 7,
1772 1461 1814 1495 72
1827 1472 1859 1503 p.
1877 1459 1960 1494 1485
1973 1460 2014 1493 R.
2049 1460 2159 1495 ἱππεῖς
2177 1460 2250 1503 μὶν,
2272 1460 2389 1502 inquit,
2411 1459 2478 1492 κατ’
2495 1461 2564 1495 uas·

1469 1518 1501 1538 τε
1519 1507 1574 1537 καὶ
1592 1516 1677 1538 κατα
1693 1506 1819 1548 λόχους,
1841 1505 1934 1542 πεζοὶ
1955 1504 1992 1536 δὲ
2012 1503 2096 1536 κατά
2117 1505 2305 1548 συμμορίας
2323 1514 2356 1536 τε
2374 1504 2431 1537 καὶ
2453 1505 2564 1542 τάξεις.

1471 1547 1565 1581 Nihil
1594 1548 1686 1580 aliud
1712 1553 1825 1580 autem
1856 1557 1933 1578 esse
1962 1548 2066 1589 φυλήν
2086 1550 2188 1587 atque
2214 1548 2284 1586 ἴλην
2308 1547 2329 1578 i.
2354 1556 2384 1579 e.
2409 1551 2564 1586 turmam,

1473 1590 1632 1630 ostendit,
1657 1601 1699 1623 ne
1722 1590 1807 1623 alios
1830 1589 1980 1629 afferam,
2007 1590 2141 1634 ἴλαρχος
2162 1590 2261 1632 φυλῆς
2283 1589 2303 1622 i.
2327 1599 2357 1622 e.
2381 1590 2474 1622 sevir
2496 1594 2564 1622 tur·

1475 1645 1600 1667 marum
1626 1634 1755 1676 eqq.R.
1769 1644 1823 1675 ap.
1838 1633 2006 1665 Zonaram
2032 1632 2084 1671 10,
2107 1633 2150 1665 35
2173 1642 2206 1673 p.
2230 1632 2293 1665 407
2309 1632 2353 1664 Β.
2377 1633 2430 1664 ed.
2445 1632 2563 1664 Venet.

1475 1678 1567 1719 λόχοι
1598 1676 1755 1709 decuriae
1785 1680 1872 1708 stmt.
1927 1674 1998 1707 Sed
2030 1679 2157 1707 turmas
2190 1674 2387 1716 sevirosque
2420 1676 2566 1717 equitum

1476 1719 1707 1751 Romanorum
1730 1718 1843 1757 fuisse,
1868 1728 1909 1750 ex
1932 1717 2204 1759 inscriptionibus
2226 1717 2308 1749 solis
2330 1717 2506 1760 colligitur,
2533 1719 2566 1750 in

1478 1761 1598 1803 quibus
1621 1766 1696 1792 sunt
1727 1760 1783 1792 Vl
1813 1761 1879 1792 vir
1908 1759 1978 1801 Eq.
2010 1759 2051 1791 R.
2083 1764 2164 1791 tur.
2187 1759 2234 1793 11.
2266 1758 2373 1792 Orell.
2405 1771 2437 1793 u.
2469 1760 2565 1793 3044.

1478 1803 1601 1837 sevir
1635 1808 1803 1836 turmae
1834 1801 2058 1835 secundae
2088 1800 2195 1837 Orell.
2225 1814 2258 1836 n.
2280 1802 2376 1836 3046.
2421 1802 2476 1836 Vl
2500 1804 2566 1836 vir

1480 1847 1673 1887 equitum
1707 1846 1880 1878 Roman.
1916 1851 2034 1877 turm.
2071 1847 2201 1887 quint.
2235 1847 2332 1878 Grut.
2362 1857 2394 1889 p.
2417 1846 2502 1885 303,
2533 1846 2565 1878 6.

1481 1888 1577 1928 1093,
1600 1890 1634 1922 7.
1676 1888 1796 1920 sevir
1822 1893 1993 1921 turmar.
2017 1898 2077 1930 eq.
2100 1887 2216 1921 Rom.
2241 1888 2337 1922 Grut.
2360 1899 2392 1932 p.
2416 1888 2502 1929 436,
2535 1891 2566 1923 7.

1479 1932 1598 1965 sevir
1630 1932 1821 1974 equitum
1852 1931 1965 1964 Rom.
1994 1931 2089 1964 Grut.
2120 1943 2153 1974 p.
2187 1933 2289 1972 1101,
2324 1934 2356 1968 8.
2404 1931 2506 1972 1102,
2535 1934 2567 1967 3.

1481 1975 1522 2007 cf.
1546 1974 1670 2008 Marini
1693 1976 1763 2007 Atti
1788 1975 1801 2007 1
1830 1985 1860 2017 p.
1887 1974 1959 2010 146.
2003 1974 2044 2015 2,
2072 1986 2103 2018 p.
2128 1974 2202 2009 755.
2226 1975 2269 2009 ab
2293 1976 2400 2020 iisque
2419 1975 2492 2010 ludi
2516 1986 2565 2008 se-

1481 2019 1603 2051 virales
1634 2018 1899 2052 celebrabantur.
1954 2017 2097 2062 Capitol.
2127 2029 2160 2052 ν.
2191 2018 2242 2052 Μ.
2275 2020 2351 2052 Α111.
2385 2019 2506 2063 philos.
2534 2020 2565 2052 6.

1480 2062 1588 2094 Euam
1619 2062 1749 2094 Plinius
1777 2062 1945 2094 secundus
1974 2063 2068 2094 sevir
2098 2063 2244 2103 equitum
2275 2063 2347 2095 suit.
2403 2074 2436 2095 v.
2468 2064 2567 2095 inser.

1482 2104 1772 2137 Mediolanensem
1799 2116 1852 2147 ap.
1877 2103 1982 2138 Orell.
2006 2115 2036 2137 u.
2065 2104 2157 2139 1172.

1440 2175 1484 2216 ³⁴)
1508 2174 1659 2207 Zosimus
1691 2173 1730 2213 2,
1762 2173 1814 2206 29.
1860 2175 1913 2214 τῆς
1943 2174 1980 2207 δὲ
2008 2176 2149 2219 πατρίου
2175 2175 2419 2216 καταλαβούσης
2450 2175 2570 2219 ἑορτῆς,

1481 2219 1556 2249 καθ’
1577 2214 1617 2258 ἦν
1637 2219 1761 2261 ἀνάγκη
1784 2217 1826 2258 ἤν
1848 2219 1885 2250 τὸ
1906 2220 2130 2260 στρατόπεδον
2151 2218 2319 2261 (iutelligit
2336 2224 2462 2250 turmas
2478 2222 2569 2259 ειμι.)

1481 2262 1564 2291 ἰέναι
1586 2262 1632 2295 εἰς
1654 2262 1691 2293 τὸ
1711 2261 1922 2292 Καπιτώλιον
1947 2272 1976 2293 κ.
2000 2272 2028 2293 τ.
2047 2261 2075 2293 λ.

1440 2326 1488 2366 ³³)
1512 2324 1597 2356 pun.
1621 2323 1662 2356 11.
1686 2323 1730 2356 Ν.
1757 2323 1809 2364 15,
1830 2325 1861 2357 5.

1441 2394 1487 2435 ³⁸)
1511 2391 1565 2424 De
1588 2392 1703 2424 trabea
1725 2393 1894 2433 copiosius
1918 2403 2016 2434 cpiam
2040 2393 2217 2425 dilucidius
2245 2398 2365 2425 contra
2388 2393 2572 2425 Rubenium

1483 2435 1526 2467 de
1549 2435 1621 2511 {ato
1642 2435 1739 2512 cllqvo
1765 2436 1800 2475 1,
1831 2436 2237 2514 ἂιιὲῑῗριιιειῗῧῧεῐὶῗτίυε
2269 2436 2300 2511 ip
2330 2436 2432 2488 11111111.
2462 2436 2505 2468 de
2537 2446 2574 2468 re

1484 2489 1547 2512 ves
1565 2504 1572 2511 .
1608 2489 1628 2511 1.
1718 2490 1734 2511 s
1759 2490 1788 2511 1.
1837 2504 1845 2512 .
1937 2504 1947 2512 .
1981 2492 2001 2511 1.
2084 2505 2091 2512 .
2161 2490 2225 2512 auc
2248 2491 2281 2511 a«
2316 2490 2345 2511 e«
2361 2485 2446 2511 uites
2469 2491 2498 2511 e«
2514 2504 2523 2511 .
2552 2491 2570 2511 1.

1483 2489 1625 2564 proprie
1640 2489 1888 2564 pertirilelsspqui
1904 2491 1980 2554 ided
1996 2523 2152 2555 dicuntur
2173 2522 2336 2566 agmina
2348 2491 2573 2563 'trabea'ul,

1485 2564 1697 2608 (Stat.Sylv.
1718 2567 1751 2605 4,
1774 2567 1807 2604 2,
1830 2567 1888 2605 32)
1912 2565 2054 2609 Equites
2080 2566 2233 2606 trabeati,
2258 2566 2358 2607 (Tac.
2376 2567 2463 2599 Anu.
2486 2566 2521 2606 3,
2541 2567 2573 2598 2.

1484 2610 1577 2641 Suet.
1603 2608 1727 2641 Domit.
1757 2610 1803 2642 14.
1849 2609 2006 2642 Mac-rob.
2029 2610 2101 2642 Sat.
2128 2610 2159 2649 1,
2182 2610 2214 2642 5.
2256 2609 2374 2642 Sidon.
2399 2608 2466 2653 Ep.
2487 2609 2520 2650 8,
2542 2610 2575 2643 6.

1484 2650 1528 2684 ct'.
1549 2652 1691 2685 Statium
1715 2651 1812 2696 Sylv.
1833 2653 1867 2694 5,
1890 2652 1923 2694 2,
1951 2655 2001 2689 15.

2051 2707 2119 2728 non
2142 2697 2304 2738 sauguine
2327 2701 2441 2727 cretus

1556 2735 1721 2777 'farmal'ss
1752 2738 1941 2782 trabeaque
1962 2739 2077 2776 Remi.
2109 2749 2171 2771 nec
2195 2748 2349 2782 paupere
2369 2738 2505 2780 clavo.)

1484 2781 1620 2823 egregie
1643 2780 1755 2814 docuit
1780 2782 1872 2825 Lips.
1894 2783 1939 2815 ad
1962 2783 2041 2815 Tac.
2067 2783 2088 2815 1.
2112 2782 2134 2814 1.
2157 2783 2214 2825 qui
2241 2782 2326 2814 hunc
2350 2782 2496 2823 ewtitum
2520 2792 2577 2813 ve·

1485 2830 1570 2856 stem
1600 2835 1621 2855 a
1651 2825 1798 2857 trabibus
1830 2836 2001 2868 purpurae
2032 2826 2170 2858 intextis
2202 2825 2325 2857 dictam
2361 2834 2437 2856 esse
2468 2830 2575 2867 putat,

1485 2872 1517 2898 et
1543 2872 1634 2899 recte
1657 2867 1736 2899 nihil
1760 2874 1910 2901 moratur
1933 2869 2236 2901 Grammaticorum
2261 2868 2417 2907 hweuta,
2448 2868 2504 2910 qui
2529 2868 2577 2899 di-

1485 2921 1584 2943 versa
1608 2910 1800 2943 trabearum
1823 2921 1945 2954 genera
1969 2911 2105 2944 faciunt.
2145 2910 2297 2947 Quorum
2321 2911 2477 2954 princeps
2494 2912 2576 2944 Sue—
