2720 3402
2432 109 2515 164 11

167 251 285 308 sint,
327 267 421 298 non
462 253 613 300 minus
645 255 753 311 has,
802 269 936 314 quam
970 256 1186 302 classium
1219 256 1550 304 Servianarum
1582 272 1783 303 summas
1818 256 1876 302 ad
1910 255 2053 302 Urbis
2085 262 2270 302 sextum
2304 257 2511 303 seculum

167 324 402 386 pertinere
435 326 644 388 conjicit,
688 327 898 386 antiquos
930 344 1147 376 numeros
1174 314 1350 400 ,quintasst
1368 337 1524 392 parte,
1566 331 1690 388 quod
1724 343 1866 391 supra
1897 328 2382 385 commemoravimus,
2427 329 2513 374 mi-

166 412 305 444 nores
339 399 485 445 fuisse
513 400 675 445 credit.
723 401 796 446 Ita
821 416 900 447 aes
935 409 1151 461 equestre
1185 403 1243 448 ad
1276 404 1374 461 duo
1400 403 1547 449 millia
1578 404 1715 459 aeris,
1749 419 1828 449 aes
1861 402 2159 447 hordearium
2193 401 2250 445 ad
2290 402 2510 460 quadrin-

166 478 330 530 gentos
373 488 503 517 asses
544 472 784 532 redigitur.
850 475 1038 519 Catonis
1080 475 1390 534 fragmentum
1431 473 1535 533 ejus
1567 475 1814 528 orationis,
1857 490 1948 531 qua
1978 473 2126 519 suasit
2156 473 2207 517 in
2239 481 2429 528 senatu,
2460 480 2513 519 ut

165 542 300 603 plura
332 559 439 590 aera
471 545 706 602 equestria
736 547 928 601 fierent,
971 546 1031 593 de
1064 552 1197 592 aucto
1231 563 1416 602 eorum,
1466 547 1546 605 qui
1578 561 1687 592 aera
1719 545 1955 604 equestria
1987 546 2275 608 acciperent,
2317 533 2513 593 nu'mero

164 614 517 676 intelligendum
560 633 666 663 esse
700 617 909 674 xidetur3
932 617 991 679 ⁵⁰)
1034 618 1259 664 Varronis
1292 625 1448 662 autem
1480 619 1649 663 verbaz
1692 616 1940 675 „equitum
1971 618 2206 678 publicum
2239 633 2347 663 esse
2381 617 2512 666 mille

147 688 471 751 *assariorum“
504 705 597 737 non
630 691 688 735 ad
721 706 800 736 aes
834 698 1074 748 equestre,
1108 691 1233 750 quod
1265 691 1412 735 multo
1444 690 1595 750 majus
1628 696 1752 745 erat,
1787 690 1872 734 sed
1904 690 1964 734 ad
1995 705 2075 734 aes
2107 691 2401 737 hordearium
2434 707 2511 737 re-

163 760 357 807 ferenda
388 769 517 817 sunt,
561 761 693 824 cujus
726 761 915 809 dimidia
946 779 1054 825 pars
1087 778 1208 821 equo
1242 762 1433 819 alendo,
1477 763 1625 808 altera
1656 769 1810 807 autem
1843 777 1982 806 servo
2016 761 2243 807 destinata
2273 763 2375 809 fuit.
2399 763 2461 825 ⁵¹)

331 834 598 895 «Superest
636 850 728 880 una
770 850 916 893 eaque
947 835 1235 881 ‘difficillima
1276 833 1503 892 quaestio.
1527 835 1586 895 52)
1651 833 1776 892 Equi
1818 833 1942 879 enim
1984 833 2055 878 illi
2096 842 2229 880 erant
2268 836 2506 882 militares.

163 904 317 966 Quum
350 913 503 952 autem
535 906 816 968 legionarios
836 907 1021 967 *milites
1052 922 1147 953 non
1179 906 1379 963 diutius,
1421 921 1558 965 quam
1592 907 1650 952 ad
1684 922 1853 951 annum
1887 906 2291 968 quadragesimum
2323 903 2507 954 sextum

162 976 264 1023 sive
307 985 546 1040 coeptum,
590 979 692 1025 sive
724 981 915 1041 plenum
936 979 996 1040 ⁵³)
1030 985 1212 1026 constet
1241 978 1490 1034 militasse,
1534 979 1656 1024 intra
1689 979 1815 1037 quod
1847 979 2047 1040 spatium
2082 979 2246 1024 decem
2279 980 2510 1041 stipendia

163 1049 289 1110 exigi
322 1057 560 1112 poterant,
584 1051 644 1112 ⁵⁴)
688 1065 770 1095 cur
810 1056 965 1095 autem
997 1051 1178 1107 equites
1210 1051 1281 1096 illi
1313 1051 1486 1095 diutius
1519 1051 1792 1106 militarent,
1836 1051 2093 1110 excogitari
2126 1065 2291 1096 caussa
2324 1051 2509 1096 omnino

161 1130 384 1180 nequeat,
428 1123 689 1181 quaeritur,
731 1127 885 1167 utrum
926 1121 985 1176 ii,
1026 1122 1106 1181 qui
1145 1122 1352 1182 legitima
1393 1122 1625 1183 stipendia
1665 1137 1786 1181 equo
1829 1122 2017 1183 publico
2051 1123 2388 1178 confecissent,
2434 1138 2510 1168 re-

162 1194 386 1240 tinuerint
427 1210 597 1252 equum
629 1200 677 1238 et
708 1194 757 1238 in
789 1194 1011 1238 centuriis
1044 1194 1319 1247 manserint,
1362 1209 1421 1238 an
1452 1196 1635 1240 reddito
1668 1211 1787 1253 equo
1820 1194 2047 1239 desierint
2077 1196 2126 1239 in
2160 1196 2367 1252 equitum
2400 1211 2511 1241 cen-

161 1264 296 1310 turiis
329 1281 449 1311 esse.
514 1266 584 1311 Ac
616 1279 875 1323 quanquam
918 1264 989 1310 rei
1029 1270 1221 1310 naturae
1263 1270 1367 1310 erat*
1396 1267 1806 1320 accommodatius,
1850 1256 1959 1311 aera
1991 1266 2227 1323 equestria
2258 1266 2402 1313 tribui
2434 1266 2509 1322 iis,

162 1337 242 1395 qui
273 1337 549 1393 militarent,
591 1352 728 1396 quam
758 1337 842 1394 iis,
884 1335 964 1395 qui
995 1329 1242 1397 stipendiis
1274 1336 1498 1383 absolutis
1531 1334 1699 1395 equum
1730 1338 1966 1399 publicum
1999 1338 2172 1384 frustra
2203 1341 2405 1395 alerent,
2437 1346 2510 1384 tan

161 1426 268 1457 men
301 1417 350 1457 et
381 1410 497 1456 illud
529 1426 623 1456 non
656 1417 729 1456 est
759 1409 1246 1471 praetermittendum,
1287 1424 1381 1455 non
1411 1424 1525 1455 usus
1558 1410 1730 1465 solum,
1773 1410 1859 1456 sed
1890 1410 2030 1455 etiam
2061 1410 2253 1456 honoris
2285 1411 2334 1457 in
2366 1427 2423 1457 ea
2454 1427 2508 1457 re

160 1482 388 1529 rationem
420 1483 622 1529 habitam
653 1498 774 1529 esse.
799 1481 886 1542 ⁵⁴²)
951 1482 1091 1528 Certe
1117 1479 1217 1541 jam
1248 1481 1328 1528 diu
1361 1482 1469 1540 equi
1500 1482 1675 1543 publici
1706 1484 1860 1528 nullus
1892 1497 2006 1529 usus
2039 1490 2154 1539 erat,
2189 1498 2330 1541 quum
2362 1484 2511 1530 honor

162 1552 265 1615 eJus
298 1554 537 1601 etiamtum
568 1555 723 1615 magni
755 1553 1102 1610 aestimaretur,
1146 1554 1205 1599 de
1248 1569 1340 1612 qua
1380 1569 1433 1599 re
1475 1554 1567 1600 alio
1611 1555 1714 1600 loco
1756 1554 2002 1599 dicendum
2046 1561 2120 1600 est
2161 1555 2373 1617 amplius.
2447 1555 2511 1600 Et

160 1626 333 1674 milites
367 1628 556 1686 quidem
588 1644 708 1674 anno
742 1626 1095 1688 quadragesimo
1137 1633 1274 1672 sexto
1316 1643 1343 1672 e
1379 1626 1608 1672 ‘centuriis
1643 1625 1883 1689 juniorum
1922 1626 1972 1672 in
2010 1627 2242 1673 centurias
2275 1627 2511 1673 seniorum

161 1700 454 1761 transscripti
496 1707 549 1745 ut
588 1701 714 1758 quod
755 1699 1005 1745 discrimen
1046 1713 1187 1757 quum
1226 1698 1350 1744 inter
1391 1699 1573 1757 equites
1616 1715 1709 1744 non
1750 1706 1901 1756 esset,
1944 1715 2139 1744 necesse
2182 1706 2305 1754 erat,
2347 1707 2400 1744 ut
2431 1706 2512 1752 aut

161 1772 211 1818 in
244 1771 452 1830 equitum
484 1773 707 1819 centuriis
740 1778 1150 1828 consenescerent,
1189 1778 1269 1817 aut
1300 1771 1349 1817 in
1382 1771 1615 1818 centurias
1647 1772 1826 1834 primae
1859 1772 2023 1819 classis
2054 1772 2512 1819 transscriberentur.

163 1844 303 1905 Quod
343 1858 603 1903 quanquam
636 1845 924 1891 Gracchanis
967 1844 1069 1889 fere
1110 1843 1399 1904 temporibus
1440 1844 1487 1890 in
1531 1859 1620 1890 usu
1663 1860 1769 1890 esse
1802 1844 1980 1905 coepit,
2022 1851 2177 1892 tamen
2209 1845 2513 1891 autecedente

163 1921 313 1962 aetate
346 1922 587 1962 senatores
619 1915 669 1961 in
701 1916 924 1961 centuriis
957 1915 1166 1973 equitum
1199 1915 1370 1971 fuisse,
1421 1915 1661 1961 Ciceronis
1694 1917 1798 1961 loco
1834 1919 2080 1977 probatum
2112 1924 2197 1962 est.

368 1987 422 2031 Si
464 2002 577 2032 vero
619 1993 774 2031 tantus
808 1988 958 2031 honor
990 1986 1097 2043 equi
1130 1985 1305 2045 publici
1338 1986 1450 2041 fuit,
1493 1993 1544 2030 ut
1576 2002 1635 2031 ne
1670 1986 1846 2047 majore
1890 1988 2078 2046 quidem
2120 1988 2339 2034 senatorii
2382 1987 2509 2033 ordi-

163 2060 236 2106 nis
269 2059 492 2121 dignitate
525 2060 795 2115 tolleretur,
828 2057 1027 2104 eundem
1060 2056 1102 2101 si
1132 2058 1279 2101 multo
1312 2057 1459 2117 magis
1492 2073 1520 2103 a
1552 2059 1721 2104 ceteris
1754 2066 1984 2104 retentum
2020 2058 2238 2119 conjicio,
2270 2075 2364 2105 non
2397 2075 2509 2120 pro-

164 2134 239 2178 cul
282 2132 448 2177 videor
489 2146 516 2177 a
558 2146 672 2176 vero
716 2131 972 2175 aberrasse.
1053 2128 1120 2174 Ut
1152 2127 1294 2188 igitur
1325 2129 1374 2174 in
1406 2144 1493 2174 sex
1535 2129 1796 2190 suffragiis,
1846 2130 2074 2176 Serviano
2117 2131 2330 2177 instituto
2371 2133 2513 2193 longe

164 2203 524 2263 antiquioribus,
566 2219 660 2250 non
700 2202 1103 2263 distinguebantur
1131 2198 1346 2261 juniores
1380 2207 1428 2246 et
1460 2201 1684 2256 seniores,
1720 2201 1787 2256 sic
1819 2201 1958 2248 etiam
1990 2201 2040 2247 in
2072 2202 2320 2249 duodecim
2352 2212 2513 2251 centu-

163 2276 246 2323 riis
279 2276 395 2322 illud
427 2277 643 2323 classium
676 2275 923 2321 discrimen
955 2288 1050 2319 non
1082 2279 1205 2319 erat:
1230 2271 1291 2333 ⁵⁵)
1324 2272 1373 2317 in
1405 2287 1497 2332 quo
1531 2272 1646 2318 illud
1678 2280 1834 2319 tamen
1865 2274 2120 2320 tenendum
2150 2283 2239 2333 est,
2271 2277 2397 2336 quod
2415 2275 2515 2339 jam

164 2348 447 2395 Niebuhrius
471 2348 531 2409 ³⁰)
563 2349 756 2404 monuit,
789 2363 882 2393 non
915 2346 1110 2392 eandem
1142 2344 1290 2390 fuisse
1323 2352 1575 2390 turmarum
1609 2345 2015 2405 centuriarumque
2047 2347 2218 2408 legem.

166 2571 212 2612 ⁸⁰)
237 2569 401 2602 Priscian.
426 2566 504 2606 Vll,
533 2567 572 2605 8,
595 2577 628 2608 p.
652 2567 727 2600 317.
773 2564 859 2597 Cato
882 2564 915 2596 in
939 2563 1109 2602 oratione,
1133 2572 1197 2604 qua
1221 2573 1295 2595 sua·
1381 2562 1425 2604 ⁵¹)
1448 2572 1480 2594 v.
1509 2559 1647 2594 Bfickh.
1680 2562 1702 2596 1.
1730 2563 1752 2596 Ι.
1785 2562 1891 2596 Aliter
1923 2565 2072 2598 sentiunt
2100 2566 2236 2600 V'alter
2266 2565 2287 2599 l.
2316 2565 2337 2598 Ι.
2368 2575 2402 2609 p.
2438 2566 2512 2600 128.

208 2613 250 2645 sit
281 2612 314 2644 in
345 2615 483 2650 senam,
518 2614 554 2641 ut
577 2609 670 2652 plura
695 2619 776 2640 aera
798 2608 967 2648 equestria
988 2606 1128 2639 fierent:
1172 2604 1296 2638 Nunc
1421 2604 1584 2637 Huschke
1605 2604 1626 2637 1.
1650 2605 1672 2638 Ι.
1721 2632 1729 2638 .
1752 2608 1827 2640 369.

209 2666 287 2698 ego
317 2654 514 2687 arbitror
543 2657 756 2696 oportere
779 2650 975 2689 institui,
998 2660 1134 2691 nequo
1158 2649 1296 2689 minus
1381 2649 1425 2690 ⁵²)
1449 2647 1492 2680 cs.
1515 2646 1560 2680 de
1584 2647 1650 2681 hae
1671 2617 1826 2693 lifadvig.
1850 2661 1882 2693 p.
1905 2650 1959 2684 m.
1983 2661 2034 2694 sq.

210 2698 373 2730 duobus
412 2696 608 2728 millibus
649 2694 853 2726 ducentis
885 2694 945 2724 sit
982 2702 1125 2724 aerum
1166 2701 1316 2732 eque·,
1381 2693 1426 2732 ⁵³)
1449 2690 1614 2723 Niebuhr.
1639 2691 1661 2722 Ι.
1685 2694 1819 2734 ptam.
1843 2693 1896 2724 ed.
1920 2699 1996 2725 tert.

208 2740 372 2774 s'triuuu.
413 2739 524 2775 Quem
546 2739 655 2772 locum
678 2742 757 2781 post
776 2735 939 2769 Gronovii
961 2732 1162 2768 luculentam
1185 2733 1296 2777 dispu-
1382 2735 1425 2776 Μ)
1449 2732 1572 2776 Polyb.
1595 2734 1637 2773 6,
1669 2736 1726 2775 19,
1749 2737 1780 2770 2,
1807 2736 1895 2769 Plut.
1920 2736 1958 2769 C.
1983 2735 2127 2769 Gracch.
2149 2737 2181 2770 2.
2204 2736 2278 2769 Liv.
2301 2737 2366 2776 27,
2392 2737 2443 2771 ΙΙ.

210 2786 371 2817 tationem
396 2783 455 2824 (ale
477 2793 551 2826 pec.
574 2787 642 2815 vet.
665 2781 721 2814 lib.
745 2779 809 2819 ln,
832 2790 861 2811 c.
884 2779 924 2818 2,
949 2789 981 2821 p.
1004 2779 1079 2813 273.
1103 2778 1193 2820 sqq.)
1215 2787 1296 2810 non-
1381 2779 1409 2799 ⁸⁴
1423 2777 1457 2819 ει)
1481 2775 1675 2811 uusehktns
1696 2779 1719 2812 1.
1742 2779 1763 2812 1.
1787 2791 1821 2823 p.
1843 2780 1919 2814 653.

211 2827 290 2860 dum
323 2826 485 2859 intellexit
515 2824 679 2868 Meyerus
708 2825 741 2856 in
772 2822 882 2856 oran.
904 2822 1003 2854 Rom.
1035 2822 1152 2864 fragm.
1183 2832 1216 2864 p.
1243 2822 1296 2860 82,
1382 2822 1427 2861 ⁵⁸)
1450 2820 1545 2852 Haec
1568 2821 1670 2853 etiam
1693 2822 1870 2855 Niebuhr-ii
1892 2823 2057 2855 sententia
2080 2827 2129 2854 est
2155 2821 2186 2861 Ι,
2218 2833 2253 2865 p.
2276 2822 2352 2856 49⁰,

210 2881 320 2915 nuper
341 2875 453 2904 autem
477 2869 594 2915 paucis
617 2867 794 2901 illustravit
817 2863 995 2899 Bsckhius
1015 2863 1037 2897 l.
1061 2863 1083 2897 Ι.
1105 2875 1139 2908 p.
1163 2865 1236 2899 428.
1382 2864 1426 2905 ⁶⁸)
1449 2861 1482 2904 Ι,
1504 2874 1537 2907 p.
1562 2864 1637 2899 487.

1936 2924 1996 2963 2.
