2720 3402
158 115 248 171 18

1179 266 1505 329 cap.v.

909 361 1768 412 Publicani.

169 474 209 519 l.
243 456 429 538 Neque
463 492 577 523 vero
610 477 743 541 prius
777 478 884 525 fieri
927 478 1104 541 potuit,
1153 486 1206 526 ut
1248 475 1692 526 communicarentur
1732 476 1848 523 haec
1888 474 2091 537 insignia
2133 474 2373 537 dignitatis
2414 491 2518 524 cum

165 549 399 604 omnibus,
434 550 513 610 qui
548 557 597 596 et
630 567 823 597 censum
856 553 1084 598 haberent
1117 559 1166 598 et
1197 551 1327 612 equis
1360 548 1456 594 suis
1491 548 1727 611 stipendia
1760 549 1970 594 facerent
1984 581 1997 604 ,
2030 561 2167 608 quam
2199 548 2377 594 viribus
2414 549 2518 610 opi·-

164 622 340 679 busque
374 621 469 666 illis
502 623 553 668 in
585 625 829 685 republica
856 631 1178 684 aequarentur.
1226 624 1336 669 Hoc
1362 628 1514 667 autem
1546 623 1692 666 multo
1725 628 1892 683 postea
1922 620 2096 665 factum
2123 625 2210 665 est.
2258 619 2365 666 Mos
2392 620 2518 667 enim

163 699 264 739 erat
289 692 508 755 antiquus
535 695 851 743 Romanorum
882 704 933 742 ut
953 696 1310 743 Atheniensium
1336 702 1686 754 ceterorumque
1704 694 1936 740 Graeciae
1963 694 2258 759 populorum,
2291 701 2344 739 ut
2368 693 2519 740 vecti-

162 766 285 827 galia
318 773 367 813 et
400 769 525 815 ultro
558 769 732 816 tributa
764 770 971 816 locarent
1003 769 1277 831 publicanis.
1341 769 1611 831 Quanquam
1645 773 1816 823 autem,
1852 766 2139 827 singulorum
2172 765 2372 812 fortunis
2406 782 2518 828 pro-

162 839 424 886 vinciarum
457 843 765 904 vectigalibus
793 841 1107 888 conducendis
1139 857 1233 888 non
1266 838 1619 895 sufficientibus,
1653 837 1902 885 societates
1934 837 2286 900 publicanorum
2318 838 2517 896 coibant,

162 919 321 958 tamen
364 914 505 964 etiam
547 915 596 961 in
636 915 695 961 iis
728 914 894 961 summi
936 919 1115 959 tantum
1158 929 1325 960 census
1368 911 1579 959 homines
1622 911 1769 958 fuisse
1812 927 2008 958 necesse
2051 917 2136 958 est.
2209 911 2361 959 Sicuti
2402 928 2518 959 vero

165 985 535 1032 Atheniensibus
563 976 878 1047 nobilibus,⁸⁷)
900 986 968 1030 sic
996 986 1207 1046 patribus
1224 985 1446 1032 Romanis
1475 990 1695 1045 quaestus
1724 984 1973 1031 indecorus
2000 983 2329 1047 videbatur,⁸⁸)
2355 992 2521 1048 postea

165 1057 351 1117 legibus
386 1060 659 1105 interdictus
692 1066 779 1104 est.
804 1058 864 1118 ⁸⁹)
930 1058 1152 1103 Exclusis
1186 1066 1341 1104 autem
1373 1074 1399 1104 a
1430 1057 1621 1119 negotio
1663 1057 2008 1120 magistratibus
2031 1057 2092 1119 ⁹⁰)
2133 1058 2519 1120 senatoribusque

165 1136 265 1176 tota
296 1147 373 1177 res
408 1139 485 1178 aut
517 1133 575 1178 ad
608 1131 789 1192 equites
823 1130 1060 1177 Romanos
1093 1132 1257 1188 rediit,
1297 1139 1375 1178 aut
1407 1132 1466 1178 ad
1498 1146 1606 1189 eos,
1640 1131 1718 1193 qui
1752 1136 2017 1192 equestrem
2050 1146 2241 1176 censum
2273 1131 2520 1178 habebant.

165 1203 526 1250 Publicanorum
560 1204 755 1267 primam
790 1203 1073 1251 mentionem
1106 1203 1297 1251 invenio
1330 1204 1378 1252 in
1410 1204 1652 1252 annalibus
1686 1203 1795 1252 anni
1828 1203 1937 1250 217.
1971 1219 2012 1250 a.
2046 1203 2155 1250 Chr.
2188 1219 2258 1261 n.,
2285 1202 2345 1266 ⁹¹)
2379 1220 2519 1265 quum

163 1284 355 1337 praetor
395 1278 699 1334 vestimenta,
749 1279 1032 1324 frumentum
1077 1277 1387 1340 Hispaniensi
1428 1278 1657 1325 exercitui
1688 1277 1979 1341 praebenda,
2028 1290 2236 1338 quaeque
2279 1275 2368 1324 alia
2401 1293 2520 1340 opus

164 1357 323 1395 essent
354 1352 601 1397 navalibus
635 1352 800 1407 sociiS,
845 1353 1020 1397 locaret
1062 1358 1110 1396 et
1142 1352 1200 1397 ad
1234 1352 1585 1397 conducendum
1617 1357 1716 1397 tres
1748 1351 1998 1397 societates
2031 1350 2252 1395 adessent
2283 1350 2520 1396 hominum

162 1422 471 1485 undeviginti.
539 1424 677 1471 Anno
723 1430 946 1484 sequente
980 1439 1243 1471 convenere
1277 1424 1336 1471 ad
1385 1440 1605 1471 censores
1647 1424 1943 1485 frequentes,
1994 1423 2073 1484 qui
2106 1424 2267 1469 hastae
2302 1422 2405 1470 eius
2437 1442 2520 1485 ge-

164 1496 291 1540 neris
326 1504 655 1554 assueverant,
688 1497 952 1557 hortatique
987 1510 1229 1554 censores,
1263 1504 1314 1544 ut
1347 1496 1500 1543 omnia
1531 1496 1728 1560 perinde
1762 1501 1979 1560 agerent,
2012 1495 2242 1553 locarent,
2276 1510 2330 1542 ac
2362 1495 2402 1543 si
2435 1513 2521 1560 pe-

168 1569 304 1613 cunia
335 1569 384 1613 in
418 1571 599 1615 aerario
635 1577 775 1615 esset.
806 1570 865 1630 ⁹2)
930 1570 1092 1629 Itaque
1126 1570 1217 1615 iam
1258 1579 1355 1617 tum
1389 1577 1567 1614 certum
1610 1570 1841 1631 quoddam
1883 1583 2031 1631 genus
2065 1575 2113 1614 et
2155 1569 2270 1614 ordo
2313 1570 2523 1632 publica-

166 1657 331 1688 norum
364 1649 481 1699 erat,
513 1642 646 1704 isque
680 1650 729 1688 et
761 1650 887 1689 artes
921 1658 1082 1688 omnes
1115 1659 1195 1689 eas
1228 1645 1426 1699 callens,
1462 1643 1630 1702 quibus
1662 1653 1836 1699 τελώνας
1862 1642 2175 1688 Athenienses
2207 1643 2412 1690 famosos
2445 1646 2521 1690 fn-

168 1714 263 1760 isse
299 1715 493 1771 scimus,
521 1715 580 1777 ⁰³⁵)
625 1723 673 1761 et
705 1714 1006 1761 nihilominus
1038 1730 1228 1776 magnas
1273 1716 1321 1762 in
1358 1715 1598 1777 republica
1629 1715 1757 1760 vires
1792 1721 2047 1760 assecutus.
2110 1714 2247 1760 Anno
2281 1715 2404 1761 enim
2428 1717 2524 1763 21⁴

170 1804 210 1832 a.
245 1788 354 1833 Chr.
388 1804 432 1833 n.
469 1789 783 1850 „publicanus
826 1796 926 1833 erat
958 1787 1023 1832 M.
1057 1788 1360 1834 Posthumius
1392 1788 1677 1848 Pyrgensis,
1726 1788 1804 1847 qui
1847 1787 2003 1834 multis
2037 1788 2169 1833 annis
2201 1803 2361 1848 parem
2394 1789 2522 1836 frau-

172 1860 231 1905 de
281 1860 565 1920 avaritiaque
618 1861 849 1907 neminem
899 1860 948 1906 in
1002 1859 1191 1907 civitate
1243 1861 1466 1906 habuerat
1517 1867 1706 1921 praeter
1746 1859 1803 1905 L.
1846 1858 2157 1921 Pomponium
2199 1851 2522 1908 Veientanum.

168 1932 253 1989 Hi,
288 1933 394 1993 quia
424 1933 660 1995 publicum
694 1933 952 1996 periculum
985 1940 1087 1979 erat
1119 1949 1146 1979 a
1179 1934 1226 1979 vi
1259 1932 1551 1995 tempestatis
1583 1931 1632 1979 in
1664 1932 1737 1989 iis,
1773 1949 1891 1992 quae
1923 1939 2221 1994 portarentur
2252 1934 2311 1980 ad
2337 1936 2522 1982 exerci-

170 2012 260 2061 tus,
289 2005 349 2067 ⁹⁴)
383 2012 430 2052 et
464 2006 674 2054 ementiti
707 2014 841 2054 erant
872 2007 991 2052 falsa
1022 2006 1232 2069 naufrag'
1266 2042 1277 2064 ‚
1312 2013 1360 2053 et
1392 2021 1448 2052 ea
1480 2005 1597 2067 ipsa,
1634 2022 1751 2067 quae
1785 2021 1898 2053 vera
1923 2005 2325 2064 renunciaverunt,
2359 2008 2524 2056 fraude

171 2078 378 2140 ipsorum
419 2080 543 2126 facta
585 2087 741 2136 erant,
784 2095 876 2126 non
921 2095 1046 2125 casu.
1117 2080 1174 2126 In
1278 2086 1404 2126 teres
1446 2094 1729 2140 quassasque
1762 2095 1908 2126 naves
1941 2079 2104 2141 paucis
2137 2087 2185 2126 et
2216 2081 2351 2140 parn'
2382 2082 2524 2141 pretii

171 2153 312 2195 rebus
344 2152 597 2214 impositis,
647 2167 786 2214 quum
819 2152 1094 2200 mersissent
1126 2167 1206 2198 eas
1240 2152 1288 2199 in
1322 2154 1441 2210 alto,
1484 2151 1696 2215 exceptis
1729 2151 1777 2198 in
1810 2157 2111 2215 praeparatas
2145 2152 2340 2215 scaphas
2372 2153 2525 2202 nautis

172 2225 453 2285 multiplices
494 2228 639 2271 fuisse
683 2238 860 2271 merces
897 2228 1282 2271 ementiebantur.
1348 2228 1419 2269 Ea
1452 2226 1581 2269 fraus
1613 2226 1813 2270 indicata
1848 2226 1912 2271 M.
1946 2224 2092 2269 Atilio
2127 2225 2333 2287 praetori
2365 2227 2524 2290 priore

170 2312 293 2343 anno
328 2298 493 2354 fuerat,
527 2315 579 2344 ac
610 2317 696 2359 per
728 2317 831 2345 eum
867 2301 924 2345 ad
959 2309 1170 2346 senatum
1205 2301 1382 2354 delata,
1417 2313 1504 2343 nec
1536 2305 1690 2343 tamen
1723 2300 1820 2342 ullo
1855 2299 1981 2342 SCto
2015 2305 2194 2353 notata,
2228 2299 2335 2358 quia
2366 2309 2524 2361 patres

171 2368 384 2416 ordinem
422 2370 771 2432 publicanorum
804 2372 850 2418 in
883 2373 963 2419 tali
996 2380 1208 2437 tempore
1243 2371 1474 2418 offensum
1507 2371 1780 2416 nolebant.“
1847 2370 2001 2434 Quum
2034 2376 2187 2418 autem
2218 2370 2393 2420 tribuni
2424 2390 2524 2422 rem

168 2558 215 2598 ω)
238 2555 396 2589 3⁰0⁰kh·
419 2555 571 2589 S‘M‘ffl·
595 2556 617 2588 Ι·
642 2567 673 2599 Ρ·
698 2558 771 2591 360-
1391 2558 1434 2598 ⁹⁰)
1459 2555 1514 2588 De
1535 2554 1588 2588 his
1610 2565 1643 2588 v.
1666 2555 1762 2598 impr.
1809 2555 1876 2588 Cic.
1901 2556 1997 2589 Verr.
2021 2556 2054 2597 2,
2076 2552 2109 2598 ᾗ,
2131 2558 2184 2591 57.

167 2602 216 2686 εἳ)
236 2600 314 2678 Ιῧίζ.
336 2600 398 2685 gi:
412 2600 680 2684 ss'idnvisus
702 2644 801 2677 etlam
821 2642 971 2685 patribus
987 2642 1031 2676 ob
1047 2654 1168 2676 novam
1185 2643 1305 2686 legem,
1390 2599 1626 2685 ⁰231}de
1653 2599 1714 2675 :esd
1742 2598 2069 2684 ziz-eranuiiiilickoz’
2083 2600 2279 2676 εέιιίὶιοιι-ιίῗιιιιιε
2288 2599 2524 2685 σεοῗῧιιυιεεῖξῦιιῗ

213 2697 311 2729 quam
327 2687 372 2725 Q.
387 2686 549 2720 Claudius
571 2686 722 2719 tribunus
744 2686 851 2728 plebis
874 2685 1037 2719 adversus
1059 2692 1221 2726 senatum,
1239 2697 1305 2719 uno
1433 2684 1630 2728 publicanos
1653 2690 1743 2718 recte
1765 2685 1849 2726 dici,
1881 2686 1984 2719 intelli
2009 2686 2074 2719 itur
2095 2686 2227 2720 collatis
2250 2686 2334 2720 locis
2356 2687 2445 2721 Livii
2467 2689 2522 2728 2⁴,

213 2730 556 2774 patmm‘adjuvante
574 2728 613 2764 C.
634 2729 808 2769 Flaminio,
832 2728 974 2767 tulerat3
999 2739 1041 2762 ne
1062 2730 1136 2772 quis
1158 2735 1304 2769 senator,
1436 2731 1477 2764 18
1498 2734 1533 2762 et
1554 2728 1667 2762 valer.
1690 2728 1785 2762 Max.
1809 2732 1841 2771 5,
1862 2731 1894 2771 6,
1917 2732 1948 2765 8.
1973 2742 1992 2763 c
2006 2755 2014 2763 .
2038 2729 2146 2764 Bur-m
2182 2731 2226 2763 de
2249 2731 2370 2774 vectig.
2393 2736 2426 2775 p.
2452 2733 2523 2765 124.

183 2807 188 2812 ,
213 2775 314 2816 quive
342 2774 509 2807 senatoris
540 2779 640 2816 pater
670 2772 798 2812 fuisset,
832 2773 1026 2804 maritimam
1051 2783 1188 2812 navem,
1219 2784 1306 2817 quae
1391 2774 1437 2815 ⁹²)
1461 2773 1535 2806 Liv.
1558 2773 1620 2812 2⁴,
1647 2774 1705 2813 18,
1732 2774 1782 2807 ll.

212 2815 288 2860 plus
335 2828 409 2851 nam
432 2823 661 2851 trecentum
684 2814 922 2859 amphorarum
946 2821 1050 2855 esset,
1076 2816 1222 2849 baberet.
1269 2817 1303 2850 ld
1391 2818 1436 2859 ⁰³)
1462 2814 1596 2849 Beckh.
1620 2816 1767 2850 Staatsh.
1792 2817 1815 2850 Ι.
1838 2828 1871 2860 p.
1893 2818 1968 2851 361.
1986 2815 2033 2850 ‘ct
2059 2828 2089 2860 p.
2113 2819 2187 2853 ³58.

208 2860 307 2937 ffimd
341 2861 462 2938 ιὼίιῑὲω
495 2861 539 2894 ad
570 2860 700 2893 fructus
725 2870 767 2892 ex
790 2860 881 2903 agris
903 2859 1100 2892 vectandos.
1145 2860 1249 2893 Plura
1272 2871 1305 2892 v.
1392 2859 1871 2939 Ἠ)Ι)Ε.ιιιλιξιειιιἳζξοηιίίθίιίοιιιειιι
1892 2860 1970 2893 illae
1992 2861 2174 2893 societates
2195 2859 2360 2900 tulerant,
2389 2858 2432 2894 de
2454 2862 2524 2906 qul-

254 2929 265 2945 ,
331 2914 362 2937 n.
410 2915 417 2921 ·
432 2928 440 2936 .
1459 2914 1496 2936 us
1550 2912 1593 2935 iv.
1668 2930 1678 2945 ‚
1745 2929 1753 2936 .
