2720 3402
2439 119 2526 173 21

172 269 334 316 iuvare
377 285 458 315 eos
500 269 549 315 in
591 268 802 331 pecuniis
845 269 1112 331 exigendis,
1140 269 1220 332 ¹⁰¹)
1264 270 1348 317 sed
1380 269 1453 317 ius
1496 270 1565 317 eis
1608 287 1701 317 non
1735 269 1916 326 dicere,
1961 266 2204 331 pactiones
2238 265 2523 323 rescindere,

171 341 424 403 vectigales
467 348 515 388 et
557 341 884 403 stipendiarios
926 342 1150 400 liberare,
1199 343 1398 405 denique
1443 359 1603 390 servos
1645 343 1997 406 publicanorum
2027 341 2107 402 ¹⁰⁵)
2158 354 2340 400 quoque
2384 338 2523 384 modo

170 413 396 474 impedire
430 414 596 474 potuit.
663 414 793 474 Quae
827 415 977 459 omnia
1010 431 1036 459 a
1069 415 1271 461 Gabinio
1305 417 1486 460 facta-a
1520 416 1745 460 Cicerone
1780 422 2038 459 narrantur.
2069 412 2148 472 ¹⁰⁰)

375 486 419 530 3.
453 485 509 530 In
543 485 630 530 hoc
663 493 813 531 autem
847 487 1069 532 nobilium
1102 487 1545 549 publicanorumque
1579 486 1790 542 dissidio,
1825 494 1927 531 orto
1961 485 2041 531 illo
2075 486 2124 532 in
2157 482 2442 547 provinciis,
2475 481 2525 527 in

169 556 272 619 ipsa
305 558 420 604 urbe
456 558 719 605 continuato
754 565 889 620 atque
924 566 1082 617 aucto,
1128 561 1373 607 obscurum
1407 565 1504 616 est,
1554 560 1609 604 ab
1643 564 1747 604 utra
1780 565 1912 620 parte
1947 558 2162 604 steterint
2205 555 2392 618 equites
2425 553 2523 600 Ro—

168 630 305 687 mani,
340 630 418 690 qui
452 637 499 675 et
532 631 759 676 habebant
792 648 959 692 equum
991 630 1242 694 publicum,
1277 640 1325 678 et
1357 632 1406 677 in
1438 630 1660 676 centuriis
1688 631 1893 691 equitum
1921 637 2065 674 erant.
2115 632 2245 691 Quos
2273 629 2524 674 maximam

166 710 346 764 partem
379 703 631 748 nobilitatis
664 711 929 760 senatores,
975 703 1225 765 eorumque
1258 705 1434 749 liberos
1468 703 1780 757 continuisse,
1816 718 1958 762 supra
1991 702 2329 757 demonstravi,
2364 716 2519 759 neque

166 783 322 821 tamen
356 776 542 821 eosdem
577 776 806 822 eiusmodi
839 777 1064 837 negotiis,
1099 794 1125 823 a
1158 777 1324 837 quibus
1358 792 1453 821 non
1487 791 1648 822 omnes
1682 775 1865 836 legibus
1900 776 2201 829 arcebantur,
2237 772 2519 819 abstinuisse

167 855 240 892 est
272 847 539 893 verisimile.
604 849 678 893 Ad
712 865 847 909 quam
879 850 1198 909 quaestionem
1242 851 1515 895 solvendam
1552 850 1754 893 fortasse
1799 849 1973 908 aliquid
2018 846 2180 891 auxilii
2222 846 2319 906 peti
2363 852 2521 906 potest

166 935 227 964 ex
260 935 315 964 ea
347 922 634 975 narratione,
678 937 812 980 quam
846 922 904 966 de
941 924 991 967 C.
1027 922 1246 977 Claudio,
1290 922 1348 967 Τ.
1384 921 1665 982 Sempronio
1700 921 1972 966 censoribus
2011 920 2118 965 anni
2158 917 2246 964 169
2280 935 2319 964 a.
2354 920 2438 964 Ch.
2472 933 2516 963 n.

164 991 303 1038 habet
334 992 500 1037 Livius
533 993 609 1047 43,
648 992 719 1037 16.
786 993 870 1048 „In
904 994 1135 1053 equitibus
1168 994 1485 1050 recensendiS‚
1526 993 1689 1054 inquit,
1722 993 1871 1038 tristis
1906 992 2152 1038 admodum
2189 1005 2348 1036 eorum
2383 996 2518 1049 atque

165 1080 331 1126 aspera
363 1081 558 1112 censura
592 1065 703 1110 fuit:
747 1066 903 1111 multis
938 1082 1081 1126 equos
1116 1067 1402 1112 ademerunt.
1467 1067 1524 1113 In
1556 1083 1612 1112 ea
1645 1082 1696 1112 re
1732 1081 1871 1126 quum
1905 1072 2172 1126 equestrem
2208 1063 2417 1109 ordinem
2452 1061 2521 1122 (id

165 1144 236 1182 est
285 1138 464 1198 equites
508 1153 627 1197 equo
670 1137 887 1197 publico)
916 1138 995 1198 ¹⁰⁷)
1039 1138 1371 1193 offendissent,
1419 1140 1648 1186 flammam
1692 1138 1895 1183 invidiae
1941 1137 2155 1182 adiecere
2201 1136 2380 1191 edicto,
2432 1150 2522 1194 quo

164 1210 435 1265 edixerunt,
485 1226 543 1254 ne
578 1208 680 1267 quis
716 1223 901 1264 eorum,
945 1209 1023 1269 qui
1057 1210 1115 1270 Q.
1148 1209 1321 1255 Fulvio
1355 1211 1412 1254 A.
1447 1210 1691 1255 Postumio
1735 1209 2005 1254 censoribus
2048 1208 2125 1268 (hi
2160 1208 2365 1270 proximi
2409 1221 2521 1251 cen-

164 1298 295 1326 sores
338 1282 524 1326 suerant
566 1295 605 1324 a.
643 1279 761 1340 174)
812 1280 996 1341 publica
1038 1280 1286 1341 vectigalia
1327 1289 1404 1328 aut
1446 1283 1569 1327 ultro
1611 1282 1784 1327 tributa
1826 1281 2184 1336 conduxissent,
2235 1280 2293 1325 ad
2337 1280 2518 1324 hastam

164 1370 294 1398 suam
338 1354 581 1398 accederet
624 1352 840 1397 sociusve
884 1360 962 1397 aut
995 1354 1161 1398 adfinis
1198 1354 1299 1399 eius
1337 1354 1656 1399 conductionis
1691 1361 1831 1399 esset.
1896 1354 2048 1413 Saepe
2083 1354 2129 1398 id
2163 1353 2400 1411 querendo
2435 1368 2520 1396 ve—

162 1433 288 1472 teres
330 1423 564 1487 publicani
607 1440 746 1484 quum
790 1423 1042 1485 impetrare
1085 1425 1357 1486 nequissent
1390 1428 1445 1472 ab
1481 1434 1668 1484 senatu,
1718 1433 1769 1472 ut
1802 1425 1986 1471 modum
2022 1424 2241 1486 potestati
2276 1422 2516 1470 censoriae

161 1497 480 1560 imponerent,
514 1496 700 1543 tandem
733 1495 967 1543 tribunum
1001 1497 1259 1560 plebis,'P.
1293 1498 1545 1556 Rutilium,
1580 1514 1640 1544 ex
1673 1498 1742 1544 rei
1776 1498 1986 1560 privatae
2021 1497 2316 1543 contentione
2351 1496 2518 1541 iratum

163 1571 433 1616 censoribus
467 1578 713 1631 patronum
747 1585 938 1616 caussae
972 1572 1094 1616 nacti
1127 1578 1249 1616 sunt.
1284 1598 1343 1604 --
1380 1598 1439 1605 -
1473 1598 1533 1605 —
1599 1571 1726 1616 Hinc
1760 1571 2055 1617 contentione
2091 1578 2215 1624 orta,
2260 1585 2399 1629 quum
2434 1585 2518 1613 ve-

160 1651 286 1689 teres
320 1642 555 1705 publicani
588 1659 639 1687 se
674 1642 732 1687 ad
764 1642 999 1688 tribunum
1034 1642 1361 1700 contulissent,
1393 1644 1574 1705 rogatio
1607 1651 1802 1705 repente
1838 1645 1922 1688 sub
1957 1642 2093 1688 unius
2127 1641 2300 1688 tribuni
2333 1640 2519 1686 nomine

162 1718 508 1777 promulgatur:
563 1731 679 1775 quae
726 1716 912 1776 publica
955 1716 1223 1777 vectigalia,
1275 1718 1397 1762 ultro
1439 1716 1612 1762 tributa
1655 1718 1707 1762 C.
1753 1717 1973 1762 Claudius
2024 1724 2072 1761 et
2114 1716 2171 1760 Τ.
2214 1712 2521 1775 Sempronius

158 1789 408 1844 locassent,
442 1804 497 1833 ea
530 1794 630 1833 rata
663 1787 833 1833 locatio
868 1804 926 1834 ne
961 1795 1112 1846 esset3
1146 1789 1205 1834 de
1239 1788 1423 1851 integro
1456 1790 1736 1846 locarentur,
1771 1797 1818 1835 et
1851 1796 1902 1835 ut
1936 1788 2147 1834 omnibus
2181 1785 2439 1833 redimendi
2474 1791 2522 1830 et

159 1860 446 1906 conducendi
479 1860 743 1921 promiscue
777 1860 851 1905 ius
891 1868 1031 1906 esset.
1045 1865 1072 1886 ‘⁶
1118 1887 1177 1893 —
1241 1861 1634 1907 Dissuadentibus
1677 1862 1723 1907 in
1768 1862 1990 1907 concione
2034 1861 2320 1923 rogationem
2355 1873 2521 1904 censo-

157 1932 286 1977 ribus
320 1931 531 1975 tribunus
574 1930 697 1975 diem
740 1930 860 1975 dixit
901 1939 949 1976 et
993 1935 1177 1993 utrique
1212 1934 1395 1978 censori
1437 1935 1811 1994 perduellionem
1855 1951 1906 1978 se
1946 1935 2151 1978 iudicare
2186 1930 2517 1993 pronuntiavit.

159 2006 391 2049 Censores
433 2018 527 2047 non
569 2010 905 2048 recusaverunt
940 2004 1162 2050 iudicium
1196 2005 1374 2065 populi.
1419 2031 1477 2037 —
1546 2006 1726 2061 „Prior
1759 2006 1981 2050 Claudius
2016 2021 2223 2051 caussam
2257 2003 2400 2048 dixit:
2451 2007 2513 2055 et,

158 2092 297 2136 quum
340 2090 410 2121 ex
453 2072 765 2119 duodecim
808 2075 1105 2120 centuriis
1150 2077 1414 2135 equitum
1459 2083 1591 2121 octo
1635 2093 1875 2123 censorem
1911 2077 2319 2130 condemnassent,
2364 2073 2514 2119 mul-

156 2157 367 2209 taeque
402 2147 554 2193 aliae
589 2145 812 2207 primae
847 2146 1091 2204 classis,
1126 2150 1364 2209 extemplo
1398 2147 1712 2209 principes
1747 2148 2023 2194 civitatis
2057 2147 2105 2192 in
2139 2154 2394 2209 conspectu
2429 2160 2515 2206 po-

156 2222 279 2284 puli,
321 2220 517 2267 anulis
561 2218 761 2264 aureis
803 2219 1050 2279 positis,
1095 2228 1322 2267 vestem
1367 2227 1683 2276 mutarunt,
1726 2229 1778 2266 ut
1811 2221 2049 2282 supplices
2083 2222 2271 2282 plebem
2319 2220 2517 2265 circum-

156 2295 291 2341 irent.
304 2297 330 2320 ‘⁶
395 2293 538 2339 Hunc
571 2293 723 2338 locum
764 2291 1045 2353 interpretes
1081 2300 1353 2355 corruptum
1383 2309 1488 2339 esse
1523 2301 1713 2354 putant,
1761 2309 1939 2355 proque
1975 2293 2070 2339 XII
2103 2293 2353 2350 centuriis,
2402 2306 2516 2350 quas

158 2382 317 2411 omnes
360 2365 467 2410 libri
500 2366 689 2420 habent,
723 2366 816 2425 legi
849 2365 1015 2410 volunt
1047 2365 1224 2411 XVIII.
1290 2366 1387 2411 Sed
1421 2381 1513 2410 non
1546 2366 1766 2411 viderunt
1808 2366 1898 2410 tria
1943 2366 2019 2411 hic
2063 2383 2237 2427 genera
2279 2366 2514 2411 hominum

157 2437 401 2498 distingui,
450 2436 648 2497 primum
692 2437 1044 2497 publicanorum
1086 2438 1319 2499 ipsorum,
1369 2437 1447 2495 qui
1491 2453 1649 2482 secum
1692 2438 1931 2483 duxerunt
1976 2440 2146 2484 multas
2190 2439 2295 2484 illas
2338 2439 2514 2500 primae

157 2509 318 2557 classis
345 2506 591 2564 centuriaS,
625 2523 740 2567 quas
758 2507 925 2555 Livius
954 2507 1080 2567 dicit,
1115 2516 1246 2557 erant
1272 2508 1394 2556 enim
1427 2507 1475 2555 in
1508 2509 1581 2555 his
1616 2509 1857 2567 centuriis,
1892 2509 2000 2569 quia
2026 2527 2217 2558 censum
2252 2515 2515 2570 equestrem

155 2584 410 2664 habebant:
459 2580 711 2625 secundum
746 2580 955 2639 equitum
990 2596 1110 2641 equo
1142 2583 1355 2644 publico,
1398 2581 1477 2640 qui
1509 2582 1560 2627 in
1592 2582 1687 2627 XII
1721 2583 1943 2628 centuriis
1977 2591 2135 2642 erant,
2181 2586 2452 2640 stabantque
2488 2594 2515 2624 a

159 2763 217 2805 ¹⁰⁵)
241 2762 295 2795 De
319 2761 478 2794 custodiis
502 2760 766 2804 publicanorum,
789 2761 810 2794 i.
833 2772 862 2795 e.
887 2762 1009 2803 servis,
1034 2764 1088 2806 qui
1107 2774 1220 2797 curam
1236 2763 1293 2797 ha·
1373 2763 1432 2806 ¹0⁷)
1456 2762 1580 2808 Neque
1602 2765 1691 2799 enim
1726 2766 1817 2800 aliud
1851 2767 1990 2800 intentat
2014 2773 2125 2811 potest
2156 2766 2220 2800 bac
2250 2770 2382 2804 aetate,
2417 2764 2514 2807 isque

198 2807 321 2838 bebant
344 2806 571 2847 portet-iorum
591 2805 830 2838 maritimorum
849 2811 882 2837 et
900 2808 1109 2840 terrestrium
1126 2818 1158 2840 v.
1177 2808 1291 2840 Garat.
1412 2813 1572 2841 constans
1604 2809 1694 2842 Livii
1726 2822 1803 2842 usus
1836 2817 1896 2842 est.
1931 2795 1978 2842 cf
1997 2811 2071 2843 Liv.
2094 2813 2135 2849 9,
2163 2813 2215 2843 38.
2240 2816 2273 2841 et
2296 2809 2383 2840 alios
2405 2808 2511 2845 locos,

196 2849 241 2881 ad
265 2849 333 2900 sic.
358 2848 401 2880 de
424 2859 472 2891 pr.
497 2858 589 2880 cons.
614 2849 644 2880 5.
1324 2851 1331 2935 Ι
1413 2860 1498 2892 quos
1521 2851 1659 2885 laudavi
1683 2865 1711 2885 c.
1735 2856 1767 2894 4,
1791 2854 1817 2897 §.
1842 2853 1862 2887 3
1885 2860 1955 2888 not.
1980 2856 2033 2889 44.
2071 2854 2096 2898 ξ.
2119 2856 2139 2888 Δ
2162 2864 2193 2885 n.
2216 2851 2271 2887 67.
2296 2852 2348 2886 74.
2373 2851 2428 2884 lib.
2454 2849 2510 2890 IV,

158 2894 215 2932 Μ)
240 2892 359 2924 emero
383 2892 425 2924 de
448 2902 543 2935 prov.
567 2901 657 2923 cons.
682 2893 713 2924 5.
1410 2904 1438 2925 c.
1461 2895 1493 2927 3.
