2720 3402
2420 135 2506 186 1⁵

159 291 262 332 aut
295 284 562 345 equestri
595 284 804 332 ordine
836 284 1099 347 regendo
1132 300 1244 332 cura
1275 300 1328 332 se
1361 298 1606 331 censorum
1637 284 1911 347 tenuit“.⁷¹)
1960 284 2035 332 De
2068 282 2232 332 eadem
2258 299 2311 330 re
2334 282 2502 330 Livius

163 356 240 415 27,
277 357 349 417 11,
386 357 484 407 13.=
519 358 614 417 „In
646 356 938 419 equestribus
972 373 1157 419 quoque
1190 349 1315 404 notis
1349 355 1511 403 eadem
1544 363 1728 404 servata
1760 372 1936 405 caussa.
1971 374 2031 393 -’-
2067 385 2127 393 -
2162 380 2221 392 -—·
2269 354 2370 403 lllis
2404 370 2504 403 om-

158 429 294 479 nibus
325 430 398 494 (et
428 431 563 478 multi
594 430 746 494 erant)
779 428 949 479 ademti
982 431 1106 492 equi,
1140 428 1564 491 quilCannensium
1595 430 1831 491 legionum
1865 432 2048 492 equites
2080 431 2130 477 in
2163 430 2328 476 Sicilia
2359 436 2503 475 erant.

158 504 451 550 Addiderunt
482 504 720 550 acerbitati
753 506 890 551 etiam
922 512 1133 568 tempus,
1167 519 1227 548 ne
1259 502 1514 564 praeterita
1546 502 1779 562 stipendia
1811 505 2120 564 procederent
2150 505 2234 560 iis,
2269 502 2351 562 qui
2383 518 2505 561 equo

156 577 344 639 publico
385 583 670 632 meruerant,
720 578 804 623 sed
845 575 965 623 dena
1005 575 1240 639 stipendia
1283 574 1419 633 equis
1461 574 1659 636 privatis
1701 575 1925 620 facerent.
2003 577 2222 638 Magnum
2255 582 2506 638 praeterea

156 664 399 694 numerum
431 665 592 695 eorum
624 649 1021 707 conquisiverunt,
1054 649 1135 707 qui
1168 662 1289 706 equo
1322 662 1504 692 merere
1537 646 1778 692 deberent.
1804 646 1862 707 ⁷²)

359 720 437 767 Ex
468 721 540 768 his
572 720 687 767 locis
721 721 836 768 illud
870 728 997 768 certe
1029 719 1329 783 perspicitur,
1363 724 1412 765 et
1444 718 1623 782 duplex
1654 717 1805 764 fuisse
1838 717 2045 777 equitum
2078 734 2238 780 genus,
2272 726 2320 767 et
2352 719 2502 765 multo

154 791 378 853 majorem
409 808 649 840 numerum
683 809 867 851 eorum,
909 793 989 854 qui
1022 806 1144 852 equo
1177 792 1362 855 privato
1406 791 1641 853 stipendia
1673 791 1897 836 facerent.
1964 793 2138 837 Contra
2171 794 2420 837 alterorum
2448 791 2502 836 in

156 864 335 911 minore
368 882 560 912 numero
594 867 915 912 auctoritatem
949 865 1174 927 majorem
1206 864 1353 910 fuisse
1397 871 1445 909 et
1477 880 1555 909 res
1597 863 1703 924 ipsa
1746 864 1884 908 docet
1926 871 1974 909 et
2015 872 2248 910 testantur
2279 864 2501 909 historici.

155 936 211 982 L.
246 938 376 983 Aem.
409 939 605 984 Paullus
638 939 687 985 in
718 956 875 1000 pugna
907 938 1143 985 Cannensi
1176 944 1224 983 et
1256 936 1457 982 occurrit
1489 952 1633 998 saepe
1668 951 1771 981 cum
1805 936 2031 981 consertis
2064 936 2306 993 Annibali,
2338 942 2386 981 et
2418 935 2502 981 ali-

155 1016 267 1069 quot
306 1010 421 1056 locis
462 1011 693 1072 proelium
725 1011 954 1068 restituit,
1002 1008 1356 1073 protegentibus
1400 1025 1507 1055 eum
1551 1007 1783 1071 equitibus
1817 1008 2066 1066 Romanis,
2093 1008 2152 1072 73)
2202 1008 2386 1055 omissis
2417 1025 2503 1071 po-

154 1089 326 1128 stremo
360 1083 517 1143 equis,
560 1083 669 1142 quia
701 1084 941 1128 consulem
984 1081 1043 1128 ad
1086 1082 1342 1146 regendum
1385 1097 1556 1141 equum
1597 1081 1724 1126 vires
1759 1082 2054 1127 deficiebant.
2120 1083 2332 1144 Quorum
2365 1096 2505 1141 quum

154 1170 319 1216 magna
350 1171 461 1217 pars
493 1153 756 1211 cecidisset,
789 1171 892 1200 cum
931 1153 1225 1216 septuaginta
1256 1153 1418 1198 consul
1451 1153 1607 1215 fugam
1640 1152 1987 1216 capessivit.'⁷⁴)
2051 1154 2159 1201 Non
2192 1153 2384 1201 dubium
2418 1159 2506 1211 est,

154 1227 265 1289 quin
307 1226 356 1272 hi
398 1226 579 1288 equites
623 1225 867 1272 comitatus
910 1226 1086 1272 fuerint
1129 1225 1332 1272 consulis
1376 1227 1423 1270 e't
1464 1231 1681 1286 tanquam
1723 1226 1961 1288 praetoria
1993 1229 2218 1288 quaedam
2251 1227 2422 1272 cohors
2447 1225 2506 1287 ²⁵)

154 1306 203 1343 et
243 1299 489 1343 maximam
531 1305 712 1361 partem
754 1315 816 1344 cx
859 1300 1017 1344 amicis
1060 1298 1264 1343 consulis
1305 1298 1619 1357 nobiliumque
1660 1299 1822 1343 liberis
1865 1300 1896 1343 i.
1931 1316 1972 1344 e.
2015 1301 2247 1360 equitibus
2291 1315 2412 1360 equo
2455 1316 2504 1360 p.

156 1371 463 1417 constiterint.
527 1370 677 1416 Iidem
710 1370 1005 1432 intelligendi
1037 1377 1168 1425 sunt,
1212 1370 1290 1430 qui
1322 1387 1464 1433 saepe
1498 1387 1591 1417 una
1624 1387 1727 1417 cum
1760 1372 1959 1418 tribunis
1995 1374 2190 1420 militum
2222 1381 2504 1419 commemo-

154 1448 338 1499 rantur,
371 1449 424 1488 ut
455 1459 482 1488 a
514 1442 655 1488 Livio
687 1443 733 1498 9,
777 1443 853 1488 38.
887 1443 974 1499 21,
1007 1442 1093 1499 59,
1126 1442 1172 1487 9.
1206 1442 1404 1502 denique
1437 1443 1524 1499 22,
1571 1443 1653 1498 14,
1701 1444 1798 1488 15.=
1843 1443 2020 1499 „Haec
2050 1446 2181 1491 velut
2213 1445 2503 1491 concionanti

155 1515 376 1569 Minucio,
411 1514 898 1561 circumfundebantur
928 1516 1218 1561 tribunorum
1251 1515 1546 1575 equitumque
1571 1515 1883 1561 Romanorum
1912 1517 2173 1572 multitudo,
2211 1524 2260 1563 et
2284 1517 2342 1562 ad
2368 1533 2505 1563 aures

155 1602 337 1647 quoque
370 1587 569 1634 militum
601 1587 725 1634 dicta
757 1587 932 1634 ferocia
963 1588 1326 1635 volvebantur“.
1390 1588 1497 1650 Quo
1529 1588 1633 1634 loco
1668 1587 1848 1647 equites
1881 1587 2115 1636 Romanos
2158 1605 2251 1636 non
2283 1587 2506 1650 distingui

155 1674 182 1705 a
215 1659 446 1706 sociorum
485 1660 708 1721 equitatu,
741 1661 825 1707 sed
858 1662 914 1707 ab
948 1660 1021 1718 iis,
1056 1660 1136 1722 qui
1167 1675 1425 1721 quanquam
1458 1674 1578 1721 equo
1610 1660 1865 1717 merebant,
1898 1666 2052 1707 tamen
2085 1662 2265 1723 equites
2297 1676 2390 1707 11011
2422 1676 2507 1723 ap-

154 1734 461 1795 pellabantur,
485 1733 544 1794 w)
578 1740 627 1780 et
658 1734 773 1780 locis
808 1749 949 1796 supra
981 1733 1180 1780 laudatis
1213 1733 1380 1779 Livius
1413 1739 1575 1779 auctor
1606 1739 1704 1789 est,
1747 1740 1794 1778 et
1827 1734 1858 1778 l.
1891 1735 1976 1792 25,
2020 1735 2121 1781 37.:
2171 1736 2346 1792 „Anno
2379 1733 2505 1780 enim

154 1806 250 1851 214
280 1821 321 1851 a.
355 1807 464 1852 Chr.
498 1822 568 1863 n.,
610 1806 783 1868 inquit,
827 1821 968 1868 quum
1002 1807 1087 1852 Cn.
1122 1804 1344 1867 Scipione
1377 1806 1426 1852 in
1458 1805 1693 1867 Hispania
1734 1805 1984 1853 interfecto
2027 1808 2211 1853 deletus
2254 1806 2506 1862 exercitus,

154 1878 442 1938 amissaeque
474 1879 737 1939 Hispaniae
769 1879 1055 1935 viderentur,
1089 1878 1164 1924 vir
1194 1887 1314 1925 1111118
1346 1895 1423 1925 res
1456 1879 1665 1940 perditas
1697 1879 1917 1926 restituit.
1981 1880 2098 1927 Erat
2131 1881 2253 1927 enim
2285 1880 2333 1926 in
2367 1895 2505 1926 exer-

154 1948 249 1996 citu
279 1949 337 1996 L.
369 1949 588 2008 Marcius,
623 1950 823 2013 Septimi
859 1951 1001 2008 filius,
1036 1943 1179 2012 eques
1211 1950 1473 2008 Romanus,
1507 1951 1708 2013 impiger
1732 1950 1948 2013 juvenis,
1982 1954 2214 2014 animique
2248 1961 2295 1998 et
2328 1950 2502 2013 ingenii

158 2022 404 2083 aliquanto,
438 2038 572 2082 quam
605 2025 692 2085 Pro
725 2024 926 2079 fortuna,
959 2024 1008 2068 in
1041 2038 1130 2084 qua
1162 2030 1262 2067 erat
1293 2029 1443 2077 natuS,
1476 2020 1681 2082 majoris.
1747 2025 1820 2067 Ad
1855 2041 2076 2069 summam
2108 2026 2312 2069 indolem
2344 2038 2502 2067 acces-

155 2102 280 2142 serat
311 2096 395 2141 Cn.
427 2095 663 2156 Scipionis
696 2095 967 2156 disciplina,
1011 2097 1096 2141 sub
1129 2111 1219 2155 qua
1259 2111 1348 2157 per
1389 2101 1461 2140 tot
1503 2109 1650 2140 annos
1691 2096 1886 2141 militiae
1929 2105 2053 2142 artes
2095 2098 2288 2142 edoctus
2330 2096 2500 2141 fuerat.

153 2168 250 2213 Hic
282 2174 329 2212 et
359 2183 421 2211 ex
453 2168 564 2227 fuga
595 2167 802 2212 collectis
824 2167 1056 2214 ‚militibus
1091 2174 1139 2211 et
1170 2167 1442 2227 quibusdam
1475 2166 1534 2209 de
1575 2167 1824 2226 praesidiis
1858 2169 2095 2225 deductis,
2138 2169 2262 2213 haud
2294 2174 2503 2213 contem-

159 2240 363 2285 nendum
410 2239 668 2284 exercitum
715 2240 893 2285 fecerat
933 2237 1246 2300 junxeratque
1290 2255 1393 2284 cum
1426 2239 1484 2284 T.
1518 2236 1744 2298 Fontejo‚
1785 2239 1843 2284 Ρ.
1878 2239 2114 2301 Scipionis
2155 2241 2327 2302 legato.
2405 2238 2505 2285 Sed

156 2318 334 2359 tantum
375 2311 611 2373 praestitit
654 2329 797 2373 eques
838 2312 1076 2360 Romanus
1118 2303 1391 2359 auctoritate
1432 2310 1556 2358 inter
1596 2309 1768 2357 milites
1812 2317 1950 2373 atque
1993 2312 2197 2371 honore,
2244 2319 2298 2360 ut
2339 2311 2504 2359 castris

157 2384 271 2431 citra
294 2384 482 2430 Iberum
508 2384 815 2442 communitis,
848 2400 987 2446 quum
1015 2384 1180 2431 ducem
1205 2378 1495 2430 enercituum
1522 2382 1721 2429 comitiis
1755 2383 2034 2432 militaribus
2059 2386 2210 2433 creari
2236 2385 2503 2449 placuisset,

159 2484 218 2491 —
253 2482 311 2491 —
348 2457 406 2503 ad
436 2456 493 2502 L.
529 2457 753 2503 Marcium
787 2457 939 2504 cuncti
972 2470 1195 2504 summam
1225 2457 1411 2521 imperii
1443 2455 1710 2502 detulerint.
1724 2459 1752 2480 ‘⁴

162 2639 205 2680 ⁷¹)
229 2636 270 2668 cf.
301 2636 376 2668 Val.
407 2635 501 2668 Max.
531 2636 586 2676 11.,
617 2637 671 2676 9.,
703 2637 733 2668 7.
789 2636 967 2679 Equestris
997 2647 1131 2680 quoque
1159 2636 1287 2668 ordinis
1325 2636 1330 2679 1
1373 2637 1415 2677 ²⁴)
1439 2636 1513 2667 Liv.
1537 2634 1601 2675 25,
1634 2635 1667 2667 6.

203 2681 291 2713 b⁰¹¹a
312 2690 497 2722 magm‘lne
519 2690 618 2723 17878,
649 2680 879 2722 (ΙΠΜΓῙῙἮΕΜῙ
897 2680 1066 2723 juvene&
1100 2680 1286 2713 ceflffi'istm
1326 2680 1329 2724 ἶ
1372 2691 1414 2731 ²³)
1440 2689 1574 2722 Cohors
1606 2690 1695 2724 enim
1727 2690 1898 2733 praetoria
1926 2703 1948 2725 a
1978 2692 2137 2735 Scipione
2159 2691 2318 2725 Africano
2349 2690 2502 2724 instituta

202 2729 314 2755 notam
336 2723 484 2775 patiente
507 2723 617 2755 animo
639 2724 883 2775 sustinuerunt:
907 2734 992 2764 quos
1008 2723 1060 2756 M.
1074 2723 1234 2776 &talerius'
1251 2729 1285 2775 et
1326 2740 1329 2770 Ι
1411 2743 1489 2764 esse
1512 2733 1645 2764 (ficum--
1691 2743 1724 2764 v·
1750 2733 1846 2766 pann
1870 2742 2032 2778 excerpta
2055 2747 2086 2778 p·
2115 2735 2183 2766 122·
2209 2735 2305 2766 Mud-

202 2765 243 2841 f·
267 2767 485 2842 {gnprpmuss
507 2765 640 2808 (cenffi'
663 2778 684 2798 ⁸
705 2766 770 2819 '²³3²
792 2778 822 2799 ³¹·
847 2765 925 2841 0¹¹¹}
949 2768 1004 2841 l..)
1029 2778 1123 2842 etqum
1145 2766 1285 2811 Pubhc'S
1371 2786 1414 2828 ³⁶)
1439 2785 1481 2818 cs.
1498 2796 1531 2818 n.
1547 2785 1600 2818 67.
1636 2786 1751 2820 Aliter·
1768 2788 1867 2831 igitur
1889 2789 2122 2832 explicandum
2146 2795 2207 2820 est.
2232 2788 2323 2831 (mod
2346 2793 2502 2820 narratur

222 2821 267 2852 ΡΟ
327 2821 367 2842 ⁰⁸
391 2820 422 2841 ¹⁰
445 2820 617 2842 numerum
640 2821 849 2843 ”efflrmmm
875 2821 912 2842 η
928 2820 947 2841 ¹¹
962 2821 1044 2843 πω,
1061 2836 1070 2844 ’
1410 2828 1474 2868 34,
1512 2829 1572 2869 13,
1595 2830 1626 2862 4.
1672 2831 1786 2869 „Cato
1810 2833 1986 2868 convocati
2012 2833 2161 2864 tribunos
2184 2831 2443 2873 praefectosque
2467 2836 2501 2861 et

161 2864 204 2903 71)
228 2863 269 2894 cs.
292 2873 323 2895 n.
345 2862 390 2894 68
1410 2872 1540 2912 equites
1563 2883 1681 2904 omnes
1705 2878 1736 2905 61
1762 2876 1975 2907 centuriones
1993 2875 2128 2917 jussit&
2174 2874 2216 2906 cs.
2240 2874 2302 2915 39,
2325 2875 2366 2914 5,
2391 2874 2441 2906 18.
2465 2878 2500 2904 et

161 2916 204 2957 m)
228 2914 301 2948 Liv-
324 2915 387 2956 ⁶22,
420 2914 472 2949 49,
1322 2892 1329 2948 l
1409 2915 1473 2955 40,
1505 2914 1568 2956 40,
1603 2916 1634 2949 4.
