2720 3402
172 134 272 186 44

164 280 476 334 consentiunt,
511 285 590 324 aut
621 283 725 322 ante
758 275 951 329 Sullam,
985 275 1109 333 quod
1143 274 1359 334 equidem
1392 273 1772 329 existimaverim,
1805 279 1885 319 aut
1915 273 2075 334 priore
2107 278 2320 333 tempore
2352 275 2444 321 iam
2475 275 2525 320 in

164 354 277 399 XIV
321 351 562 398 ordinibus
602 347 785 407 equites
818 346 999 393 sedisse
1013 382 1025 402 ,
1049 347 1110 407 ⁴⁹)
1156 347 1242 394 sed
1274 357 1429 394 tamen
1462 363 1516 393 ea
1558 362 1635 393 res
1678 344 1952 392 incredibile
1995 353 2070 401 est
2111 352 2334 405 quantum·
2371 347 2524 408 plebis

164 424 322 472 odium
365 418 653 471 excitaverit.
677 417 738 482 ⁵⁰)
802 417 922 465 Nam
954 417 1182 482 primum,
1225 419 1364 468 sicuti
1395 419 1451 466 P.
1485 416 1704 465 Africano
1748 432 1954 464 summae
1985 415 2191 464 invidiae
2225 416 2339 477 fuit,
2386 420 2525 481 quod,

165 513 307 558 quum
341 496 500 543 consul
532 499 661 539 esset
692 507 796 539 cum
829 493 889 538 T.
922 492 1090 555 Longo
1125 493 1195 555 (a.
1233 493 1325 540 194
1357 509 1397 539 a.
1431 493 1539 538 Chr.
1572 491 1670 552 n.)‚
1710 506 1878 553 passus
1911 496 1985 537 est
2017 497 2114 537 tum
2146 490 2347 553 primum
2381 507 2407 538 a
2439 506 2526 554 po-

165 570 319 632 pulari
351 581 572 614 consessu
605 565 842 612 senatoria
875 565 1101 611 subsellia
1127 566 1352 629 separari,
1385 565 1452 611 sic
1476 564 1597 610 idem
1631 563 1680 609 in
1712 562 1946 624 equitibus
1978 569 2078 608 tum
2109 563 2247 626 plebs
2280 580 2420 626 aegre
2453 565 2526 611 fe-

166 645 321 687 rebat:
354 656 503 699 neque
534 654 737 698 unquam
769 638 847 683 hic
879 655 993 684 mos
1015 655 1163 699 usque
1197 641 1256 684 ad
1287 621 1617 699 imperatdrum
1648 643 1861 697 tempora
1892 651 1920 681 a
1951 636 2136 682 theatro
2169 637 2228 683 ad
2260 637 2396 683 ludos
2424 636 2527 683 Gir-

167 729 327 761 censes
360 712 572 774 perlatus
607 718 707 769 est3
730 711 791 773 ³¹)
820 710 996 758 deinde
1030 718 1210 769 autem,
1242 711 1382 772 idque
1416 708 1604 757 maximi
1634 707 1855 755 momenti
1887 714 2010 766 erat,
2043 724 2138 755 non
2170 709 2378 768 deerant,
2411 725 2528 772 quos

165 801 256 832 non
290 784 501 846 fugeret,
547 782 658 845 quid
691 783 879 845 assequi
911 784 998 829 hac
1040 789 1176 845 atque
1220 782 1486 830 huiusmodi
1520 782 1701 844 legibus
1733 780 1950 827 nobilitas
1984 780 2209 828 studeret.
2274 782 2455 830 Tamen
2486 782 2527 829 is

165 858 265 903 eius
299 857 371 902 rei
405 863 606 902 eventus
640 857 755 914 fuit,
799 863 850 901 ut
882 856 928 901 ei
961 856 1089 912 viro,
1133 856 1211 917 qui
1244 863 1293 901 et
1324 862 1485 901 auctor
1516 857 1678 901 horum
1712 854 2009 900 consiliorum
2041 854 2248 912 senatui,
2290 861 2338 901 et
2368 855 2529 902 Roscii

164 932 222 976 ob
257 931 376 975 hanc
418 931 573 991 legem
608 930 782 975 amicus
816 936 865 975 et
897 930 1053 973 fautor
1085 935 1235 984 esset,
1259 928 1319 988 52)
1367 944 1468 974 eam
1503 928 1714 973 ordinum
1748 926 2061 983 concordiam,
2104 942 2194 987 qua
2221 930 2326 975 'sola
2345 930 2528 976 'durare

164 1019 307 1064 posse
343 1001 602 1048 nobilitatis
635 1001 922 1063 principatus
955 1000 1220 1056 videretur,
1254 1000 1295 1046 si
1328 1017 1445 1057 non,
1478 1001 1602 1061 quod
1635 999 1806 1056 voluit,
1839 999 1886 1045 in
1920 1016 2054 1046 omne
2087 1016 2277 1058 aevum,
2311 1008 2528 1059 attamen,

164 1076 213 1121 id
247 1076 372 1136 quod
406 1075 555 1121 solum
588 1074 679 1119 iam
712 1073 817 1118 fieri
848 1072 1015 1134 potuit,
1049 1073 1108 1118 ad
1134 1074 1274 1119 breve
1306 1080 1494 1135 tempus
1528 1073 1682 1120 denuo
1716 1072 1961 1119 conciliare
1995 1073 2299 1135 contingeret.
2363 1074 2527 1121 Cicero

165 1150 290 1193 enim
334 1155 383 1191 et
423 1148 667 1190 tumultum
710 1145 862 1206 plebis
906 1147 965 1188 ob
999 1145 1218 1189 Rosciam
1260 1147 1413 1207 legem
1458 1152 1604 1189 ortam
1648 1146 1696 1190 in
1738 1148 1980 1190 consulatu
2021 1162 2105 1190 suo
2148 1148 2353 1203 sedavit,
2376 1149 2437 1210 ³³)
2481 1156 2530 1193 et

166 1230 412 1280 utrumque
448 1220 656 1264 ordinem
690 1218 756 1264 ita
789 1225 950 1264 contra
975 1217 1202 1263 Catilinae
1236 1220 1501 1265 coniuratos
1535 1218 1790 1274 coniunxit,
1823 1227 1875 1265 ut
1906 1236 1999 1265 non
2032 1221 2192 1265 urbem
2224 1222 2280 1265 ab
2312 1221 2527 1267 incendio

165 1292 454 1355 perditorum
496 1290 735 1338 hominum
777 1290 1017 1337 liberatam
1050 1284 1216 1337 maiori
1249 1290 1340 1337 sibi
1380 1289 1506 1337 laudi
1540 1289 1751 1348 duxerit,
1794 1305 1930 1351 quam
1963 1291 2139 1340 ordinis
2171 1292 2410 1354 utriusque
2443 1309 2530 1354 per

167 1381 219 1410 se
254 1364 469 1409 effectam
502 1362 898 1419 coniunctionem,
923 1362 982 1424 ⁵⁴)
1016 1369 1181 1427 postea
1214 1369 1368 1409 autem
1411 1369 1459 1407 et
1500 1362 1714 1425 publicae
1749 1369 1797 1408 et
1837 1361 1949 1409 suae
1993 1364 2265 1412 calamitatis
2306 1380 2400 1412 non
2441 1367 2528 1413 mi-

167 1536 213 1574 49)
238 1532 292 1564 Ad
317 1532 549 1572 antiquissima
573 1542 688 1574 regum
713 1536 867 1573 tempora
890 1531 956 1563 hoc
979 1532 1030 1563 ius
1052 1530 1156 1564 refert
1179 1531 1309 1564 Husch-
1427 1530 1536 1573 plebis
1557 1532 1749 1573 anteposuit
1771 1531 1861 1572 apud
1886 1530 2020 1564 Clrcum
2048 1531 2111 1572 (sc.
2134 1531 2258 1574 Nero).
2303 1532 2460 1575 Namque
2482 1535 2526 1567 ad

209 1575 285 1608 kius
320 1573 364 1606 de
397 1575 495 1607 Serv.
532 1572 616 1606 Tull.
651 1584 684 1617 p.
719 1572 782 1608 361
818 1584 866 1616 sq.
929 1573 1021 1607 {dem
1064 1573 1145 1607 dicit
1188 1574 1310 1607 fratres
1429 1584 1504 1606 eam
1535 1573 1624 1606 diem
1653 1573 1827 1607 indiscreti
1850 1573 1995 1615 inibant,
2026 1574 2104 1617 quia
2125 1574 2180 1607 lex
2203 1574 2329 1609 Roscia
2352 1575 2432 1610 nihil
2462 1577 2525 1611 nisi

208 1619 531 1652 Stockmannos
565 1618 598 1650 in
631 1618 762 1650 dissert.
787 1618 830 1651 de
861 1618 991 1660 legibus
1025 1618 1123 1651 Rom.
1154 1618 1310 1651 theatral.
1429 1617 1473 1649 de
1496 1618 1763 1659 quattuordecim
1785 1617 1957 1651 ordinibus
1979 1619 2131 1651 sanxit“.
2167 1618 2223 1652 De
2243 1619 2380 1663 reliquis
2398 1621 2526 1665 legibus

208 1672 237 1693 c.
250 1663 281 1700 ⁸2,
294 1671 326 1702 p.
340 1662 393 1698 27,
418 1660 649 1691 demonstrare
672 1660 823 1700 studere,
848 1670 914 1692 non
937 1662 1124 1693 restitutum
1148 1671 1224 1693 esse
1246 1660 1311 1692 hoc
1429 1659 1551 1701 theatr.
1574 1660 1742 1692 videndus
1766 1665 1819 1693 est
1842 1660 1887 1693 ad
1910 1660 1943 1693 h.
1964 1661 1986 1692 1.
2009 1661 2154 1703 Lipsius.

206 1705 275 1744 ius,
298 1703 361 1737 sed
385 1708 453 1735 tum
477 1703 618 1746 primum
642 1703 836 1736 institutum.
882 1702 968 1748 Ego,
992 1715 1181 1748 quanquam
1204 1714 1313 1756 neque
1390 1720 1433 1762 Μ)
1458 1718 1526 1752 Cic·
1559 1729 1610 1761 pr·
1635 1719 1727 1753 Mur·
1759 1719 1781 1753 1·
1806 1719 1827 1753 1·
1882 1720 2090 1761 Roscius,
2123 1720 2191 1754 vir
2221 1719 2374 1764 sortis,
2408 1732 2525 1757 meus

208 1749 295 1781 hanc
317 1748 586 1779 dissertationem
609 1748 688 1787 vidi,
708 1759 818 1790 neque
839 1748 879 1780 iis
900 1750 1078 1789 assentior,
1102 1750 1158 1791 qui
1180 1760 1224 1781 re
1236 1760 1252 1779 s
1261 1754 1273 1779 t
1282 1758 1291 1778 ι
1300 1767 1312 1773 -
1430 1772 1450 1794 n
1463 1772 1481 1794 e
1492 1773 1510 1793 c
1519 1772 1538 1794 e
1546 1773 1562 1795 s
1570 1773 1586 1794 s
1595 1774 1616 1795 a
1625 1764 1658 1795 ri
1669 1773 1689 1795 u
1699 1774 1725 1795 s·

207 1790 530 1843 tuere-explicant
556 1797 811 1843 praest-are,
836 1797 871 1824 ut
895 1797 946 1824 est
969 1792 1003 1824 in
1025 1791 1176 1843 legibus,
1201 1797 1313 1824 tamen
1389 1818 1419 1838 ω
1503 1816 1511 1824 .
1725 1812 1728 1814 -
1968 1816 1977 1825 .

208 1835 260 1866 his
294 1835 378 1865 locis
410 1844 476 1864 non
508 1834 644 1865 multum
674 1834 795 1866 tribuo.
842 1834 955 1868 Quum
986 1845 1074 1867 emm
1098 1836 1217 1867 Cicero
1251 1845 1313 1875 pro
1418 1817 1434 1858 )
1459 1815 1546 1847 Phn'
1570 1816 1612 1849 Η·
1635 1815 1679 1848 N·
1703 1819 1735 1856 7’
1756 1817 1810 1851 ³⁰*
1855 1816 1913 1849 T⁶
1936 1815 2115 1849 d¹⁶⁰¹¹⁸⁰
2137 1818 2273 1861 legem
2295 1820 2525 1861 agrariam’

210 1876 443 1916 Murenam,
476 1877 520 1910 40
543 1876 640 1909 dicit:
676 1876 745 1916 ‚‚L.
777 1875 892 1910 otho
928 1878 1130 1920 equestri
1165 1876 1313 1911 ordini
1430 1858 1511 1890 ¹¹⁰⁰
1542 1863 1627 1899 θεῖ’
1660 1858 1874 1912 alimenta.
1901 1869 1978 1891 ⁸¹¹⁸
2007 1859 2333 1913 abdichH'un‘
2363 1861 2525 1913 ‘filum’

1431 1907 1473 1934 te
1495 1902 1712 1935 suadente
1742 1903 1904 1936 Roscio
1935 1901 2176 1937 theatralis
2207 1909 2381 1939 auctor}
2413 1905 2451 1938 le
2489 1906 2525 1938 is

209 1920 417 1952 restituit
455 1930 535 1951 non
574 1919 714 1951 solum
749 1920 1029 1961 dignitatem,
1068 1921 1144 1953 sed
1178 1921 1312 1952 etiam
1430 1944 1694 1988 ignoverunt
1728 1950 2072 1987 notatasque-se
2109 1946 2368 1980 digerimflne
2401 1957 2447 1981 80
2489 1948 2525 1981 1⁸

206 1963 508 2005 voluptatem.
555 1961 710 2005 ltaque
733 1961 800 1995 lex
824 1961 950 2004 haec,
975 1975 1086 2007 quae
1109 1963 1162 1997 ad
1185 1963 1312 1996 ludos
1651 1988 1659 1997 .

204 2007 432 2050 pertinet,
465 2011 532 2038 est
565 2006 751 2038 omnium
784 2008 1057 2048 gratissima,
1093 2007 1207 2049 quod
1238 2006 1311 2038 ho·
1431 1998 1571 2030 aequo
1594 1999 1734 2021 animo
1757 1988 1967 2022 tulerunt.
2013 1987 2445 2033 Explicatiusl‘lutarcbus
2468 1991 2523 2024 l.l.

207 2050 472 2082 uestissimo
519 2049 666 2080 ordini
713 2059 810 2081 cum
855 2050 1095 2090 splendore
1141 2050 1313 2081 fructus
1431 2029 1606 2064 ⁰¹¹¹¹3⁰¹¹3⁸
1630 2032 1736 2064 Cicer·
1793 2043 1817 2064 Γ·
1841 2033 1967 2065 Βοδείο
2015 2033 2059 2064 ef·
2082 2044 2135 2075 ΕΡ·
2159 2034 2204 2065 ⁸²⁸¹
2227 2034 2294 2065 Λη-
2319 2036 2361 2074 2⁹
2394 2037 2437 2077 Ῑ)
2460 2034 2523 2067 sm·

207 2102 385 2134 quoque
419 2091 709 2124 iucunditatis
744 2097 808 2125 est
843 2092 1121 2131 restitutus“,
1163 2102 1230 2124 non
1263 2093 1314 2125 ius
1429 2079 1597 2116 3¹¹¹e¹¹⁸¹¹¹¹¹
1621 2085 1654 2107 v·
1679 2085 1733 2118 ap·
1793 2075 1865 2108 κη·
1890 2074 1965 2108 νοῙ·
2007 2074 2048 2116 γ’
2071 2075 2103 2116 2⁹
2125 2087 2158 2120 P·
2181 2076 2257 2110 455·

208 2137 328 2177 ipsum,
352 2135 413 2167 sed
436 2136 509 2167 iure
532 2145 623 2166 novo
639 2135 811 2175 antiquam
836 2135 1031 2176 dignitatem
1048 2141 1081 2167 et
1097 2134 1314 2177 splendorem
1389 2133 1433 2172 ⁵⁴)
1459 2131 1527 2164 Cic.
1553 2132 1626 2166 Cat.
1651 2136 1691 2173 4,
1722 2135 1759 2174 7,
1791 2136 1839 2168 15.
1885 2134 1999 2170 Quid
2029 2145 2107 2177 ego
2139 2133 2207 2166 hic
2238 2135 2412 2176 equites
2443 2135 2524 2168 Ro-

196 2179 394 2212 -restitutum
418 2188 495 2211 esse
520 2177 620 2217 dicit,
653 2178 773 2221 quibus
796 2177 889 2211 addit
914 2178 1058 2211 fructum
1089 2178 1315 2217 iucunditatis,
1431 2186 1579 2209 manos
1609 2188 1938 2211 commemorem
1969 2196 2015 2204 —
2046 2196 2091 2204 —
2127 2196 2165 2202 —-
2201 2187 2306 2219 quos
2338 2188 2387 2212 ex
2418 2178 2523 2212 mul-

211 2223 265 2262 qui
302 2222 368 2252 dici
400 2232 466 2252 non
495 2222 573 2253 item
606 2222 714 2263 potuit
742 2223 915 2254 restitutus
941 2233 1028 2253 esse.
1075 2222 1203 2254 'sannen
1228 2221 1316 2252 hunc
1432 2224 1566 2251 torum
1590 2231 1797 2253 annorum
1822 2221 2105 2253 dissensione
2127 2221 2178 2252 ad
2202 2220 2330 2253 huius
2353 2222 2523 2255 ordinis

136 2289 152 2300 ,
212 2265 321 2297 locum
346 2269 378 2296 et
402 2263 551 2297 Velleius
577 2265 748 2309 respicere
771 2265 906 2299 videtur
935 2267 976 2306 2,
1000 2266 1062 2307 32,
1085 2264 1116 2299 3.
1164 2262 1314 2306 „otho
1430 2262 1686 2297 societatem
1732 2264 2109 2308 concordiamque
2147 2269 2401 2307 revocatos,
2446 2265 2523 2299 lio-

209 2309 402 2340 Roscius
433 2308 531 2349 lege
560 2320 635 2339 sua
667 2310 899 2349 equitibus
929 2308 969 2340 in
1002 2310 1184 2340 theatro
1216 2309 1315 2339 ioca
1432 2304 1608 2337 ‹llernus
1653 2308 1745 2339 ‘fies
1783 2309 2014 2346 V9bl⁵⁰¹¹¹¹¹
2056 2314 2189 2349 atque
2225 2308 2330 2340 '¹³00
2367 2320 2524 2341 Caussa

210 2349 456 2390 restituit“,
492 2356 525 2383 et
549 2349 617 2383 Dio
640 2352 699 2392 36,
729 2350 791 2393 25,
822 2352 894 2395 qui,
918 2351 1011 2396 quod
1034 2351 1078 2385 de
1100 2351 1209 2396 gratia
1231 2350 1314 2395 legis
1433 2347 1679 2392 coniungit:
1703 2359 1826 2392 quam
1850 2350 2224 2392 coniunctionem,
2248 2351 2284 2385 si
2306 2351 2346 2386 in
2370 2363 2522 2387 consu·

210 2395 303 2432 dicit,
327 2399 448 2434 aperte
471 2404 490 2425 e
510 2395 673 2426 Cicerone
698 2396 892 2436 desumpsit,
916 2407 1015 2436 quum
1040 2407 1078 2428 re
1099 2397 1175 2436 ipsa
1197 2396 1314 2436 paucis
1432 2390 1525 2439 18311
1561 2394 1866 2425 confirmatam
1900 2405 1991 2426 meo
2026 2401 2280 2435 perpetuam
2316 2396 2356 2428 in
2398 2408 2521 2438 repu-

209 2442 339 2469 tantum
377 2445 418 2467 ea
452 2434 506 2467 lex
541 2441 638 2479 gratu
673 2435 792 2477 suerit,
832 2436 920 2479 plebi
957 2447 1042 2471 vero
1076 2437 1312 2482 ingratissima.
1431 2431 1549 2465 bllca
1589 2436 1877 2473 tenuerimus,
1920 2437 2130 2470 consitum
2172 2437 2311 2478 vobis,
2355 2438 2523 2472 ”Ullum

206 2482 387 2521 Ἑσήνεγκε,
413 2479 536 2519 inquit,
559 2481 622 2522 μὲν
643 2475 702 2513 οὖν
723 2481 779 2512 καὶ
804 2480 822 2512 ὅ
843 2483 997 2516 Ῥώσκιος
1018 2484 1133 2525 νόμον,
1162 2484 1313 2523 ἐσήνεγκε
1431 2475 1624 2548 Posthac
1657 2478 1765 2511 malu
1776 2490 1806 2511 m
1839 2480 1976 2512 civile
2004 2492 2052 2513 ac
2075 2481 2364 2515 domesticum
2387 2483 2438 2515 ad
2463 2483 2521 2515 ul-

207 2523 245 2556 δὲ
268 2525 324 2554 καὶ
343 2522 481 2555 ὁΓαῖος
493 2524 664 2561 Μανίλιος,
690 2522 740 2555 ὅτε
757 2524 1002 2568 ἐδημάρχησαν,
1026 2526 1090 2556 ἀλλ’
1113 2526 1235 2559 ἐκεῖνος
1249 2525 1313 2567 μὲν
1454 2528 1515 2549 a¹¹¹
1550 2520 1830 2562 reipublicae
1863 2528 2029 2564 partem
2068 2534 2167 2557 esse
2205 2529 2444 2558 venturum.
2489 2526 2521 2559 iu

205 2567 281 2609 (ηὶς
303 2567 371 2610 7⁶24>
396 2566 462 2597 miv
483 2566 609 2597 ἱππέων
639 2566 695 2601 uic
718 2569 753 2599 gy
773 2569 929 2609 &a'romc
958 2568 1059 2611 ἕδρας
1082 2568 1224 2611 ἂκρψῶς
1247 2567 1313 2599 ἀπὸ
1430 2560 1549 2595 Pison.
1560 2564 1593 2603 3,
1611 2566 1640 2597 7.
1678 2565 1823 2606 Atque
1844 2565 1901 2598 ita
1924 2573 1990 2599 est
2011 2579 2031 2599 a
2055 2579 2115 2600 me
2139 2567 2401 2601 consulatus
2425 2579 2520 2611 per-

206 2612 271 2643 τῶν
295 2610 404 2642 ἄλλων
427 2609 593 2651 ἀφώρισε)
616 2610 671 2641 καὶ
694 2611 830 2643 ἔπαινον
850 2611 898 2643 ἐπ’
921 2610 1006 2653 αὐτῷ
1027 2612 1137 2652 ἔλαβε·
1168 2611 1185 2643 ὁ
1210 2611 1247 2643 δὲ
1271 2610 1312 2650 δή
1429 2611 1577 2646 actus,
1612 2612 1654 2640 Ut
1677 2607 1789 2640 nihil
1820 2608 1914 2643 ⁸5⁰0
1944 2611 2136 2645 0οΠ8ῙῙῙο
2167 2616 2374 2653 senalus,
2408 2611 2520 2647 nihil

205 2655 368 2686 Μανίλιος
399 2654 455 2684 καὶ
490 2654 586 2691 δίκην
621 2653 732 2695 ὀλίγον
763 2653 896 2695 ὑπέσχε.
956 2652 1101 2685 Dionem
1138 2653 1311 2685 Ciceronis
1429 2658 1510 2681 non
1544 2651 1823 2692 approbante
1854 2655 2015 2695 populo
2046 2655 2238 2688 Romano
2270 2656 2445 2697 egerim,
2478 2663 2521 2690 ut

207 2695 415 2728 orationibus
447 2704 541 2727 usum
575 2704 673 2733 esse,
707 2694 854 2736 pluribus
878 2695 1119 2728 demonstravit
1144 2696 1310 2729 Wilmans
1430 2697 1597 2735 §emper
1619 2694 1658 2727 in
1683 2695 1841 2729 rostris
1864 2697 2045 2738 curiam,
2076 2698 2115 2732 in
2138 2703 2292 2732 senatu
2314 2698 2520 2742 populum

208 2739 251 2770 de
275 2738 396 2770 Dionis
420 2737 530 2771 Cassii
561 2737 709 2770 sontibus
736 2744 769 2771 et
791 2739 1003 2772 auctoritate.
1048 2738 1202 2773 Bet-oliui
1227 2739 1311 2774 1836
1430 2736 1723 2777 defenderim,
1759 2745 1800 2771 ut
1833 2739 2154 2774 multitudinem
2185 2753 2275 2774 cum
2306 2743 2527 2784 principi-v

208 2791 242 2822 p.
265 2780 307 2812 32
330 2792 401 2822 sqq.
1431 2781 1527 2817 bus,
1560 2786 1806 2822 equestrem
1829 2782 2021 2816 ordinem
2046 2796 2133 2817 cum
2157 2791 2311 2818 senatu
2336 2785 2520 2818 coniun-

165 2847 210 2884 ⁵0)
235 2844 327 2876 Phn-
353 2845 419 2876 Cic.
447 2847 496 2879 ¹3.
1429 2823 1577 2856 xerim.
1624 2823 1710 2856 Phil.
1726 2826 1758 2863 2,
1782 2827 1812 2864 7,
1842 2827 1889 2859 19.
1938 2828 2102 2860 Accnsa
2124 2834 2337 2867 senatum,
2360 2839 2520 2861 accusa

1430 2871 1679 2909 equestrem
1702 2868 1922 2908 ordinem,
1984 2871 2020 2902 ui
2045 2877 2128 2904 tum
2152 2881 2240 2905 cum
2263 2876 2421 2904 senatu
2452 2882 2518 2904 co-

164 2911 209 2950 02)
234 2908 313 2941 Tac.
328 2909 413 2941 Ann.
434 2909 483 2948 15,
500 2911 561 2943 322
584 2907 770 2951 „Equitum
784 2908 1013 2942 Romanorum
1029 2910 1123 2943 locos
1147 2911 1309 2945 sedilibus
1344 2908 1349 2949 Ι
1428 2909 1608 2953 palatus
1637 2910 1732 2944 suit.
1789 2912 1834 2945 ad
1862 2914 1929 2945 Au.
1991 2938 2000 2953 ,
2033 2916 2092 2954 14,
2124 2916 2154 2948 4.
2210 2913 2380 2948 Etenim
2412 2915 2519 2949 llaec
