2720 3402
156 104 204 155 S

162 262 419 310 quanquam
462 244 662 293 dubitari
704 249 884 304 potest,
924 247 1082 289 utrum
1124 243 1190 290 ita
1221 242 1582 306 intelligendum
1615 245 1702 303 sit,
1741 252 1796 292 ut
1828 251 2016 293 senatus
2047 243 2373 305 equitatusque
2403 243 2521 291 Ser-

162 321 301 366 viano
344 327 556 380 tempore
599 316 797 361 eundem
840 315 1077 361 etiamtum
1120 331 1310 361 censum
1353 318 1628 374 habuerint,
1675 334 1760 375 an,
1800 325 1855 364 ut
1886 324 2052 380 postea
2083 322 2206 372 erat,
2255 324 2522 363 senatorum

161 392 459 453 equitumque
502 404 666 435 census
710 394 758 433 et
804 387 928 434 inter
971 404 1022 433 se
1057 395 1105 434 et
1138 405 1164 434 a
1196 388 1348 449 prima
1381 389 1531 435 classe
1566 390 1856 447 distulerint,
1899 392 1988 437 hoc
2021 395 2147 435 certe
2181 388 2404 434 affirmari
2435 406 2522 451 po-

159 472 278 519 test,
327 464 547 525 primum,
591 461 769 506 nullum
816 477 921 506 esse
965 460 1177 521 potuisse
1220 459 1466 506 consilium
1507 461 1747 510 hominum
1784 463 1848 509 ad
1889 462 2013 509 vitae
2055 461 2196 506 finem
2235 459 2522 521 reipublicae

163 534 536 601 praepositorum
582 532 870 596 stipendium
912 549 1006 579 non
1050 531 1401 596 accipientium,
1457 548 1489 579 a
1526 541 1729 595 quaestu
1769 542 2075 591 remotorum,
2116 532 2208 580 nisi
2247 547 2311 579 ex
2338 531 2522 580 civibus

160 625 337 658 summo
371 621 541 662 censu,
566 606 628 667 ³⁵.)
663 606 857 663 deinde,
900 605 1122 668 patricios
1155 622 1207 650 re
1240 621 1355 650 ver-a
1383 605 1644 651 ditissimos
1678 607 1827 653 fuisse
1860 624 1952 653 non
1979 607 2133 652 solum
2165 605 2396 662 herediis,
2439 607 2524 651 sed

164 683 299 729 etiam
334 679 460 726 omni
494 678 798 740 possessione
831 684 1061 724 terrarum
1093 678 1407 740 publicarum3
1430 678 1492 739 3⁵)
1535 685 1800 741 postremo,
1842 696 1936 726 non
1967 680 2104 725 modo
2138 694 2231 724 non
2263 694 2406 740 posse
2439 679 2524 724 de-

158 751 406 800 monstrari
449 752 634 814 equites
678 756 845 813 postea
887 751 1072 796 demum
1114 766 1177 797 ex
1216 765 1363 796 censu
1402 756 1589 797 creatos
1621 767 1755 807 esse,
1798 752 1923 813 quod
1953 750 2238 798 Niebuhrius
2271 765 2298 796 e
2330 750 2524 812 Polybii

158 828 260 871 loco
295 825 522 885 quodam,
567 825 688 869 falso
724 824 987 879 intellecto,
1011 824 1072 884 ³³)
1112 822 1402 884 conjecerat,
1446 824 1533 868 sed
1565 824 1786 884 exemplo
1818 824 1876 869 L.
1911 823 2165 884 Tarquifii,
2198 823 2291 868 viri
2322 823 2523 885 patricii,

156 899 241 944 sed
274 897 352 957 qui
387 897 622 958 stipendia
654 896 851 957 pedibus
884 902 1080 957 propter
1111 902 1436 957 paupertatem
1469 895 1607 951 fecit,
1630 894 1691 956 ³⁸)
1724 896 2007 943 contrarium
2038 895 2239 956 probari.

363 968 514 1029 Attigi
556 969 671 1013 haec
715 967 1015 1022 brevissime,
1058 982 1117 1013 ne
1162 983 1218 1012 ea
1259 974 1551 1028 repeterem,
1598 982 1719 1027 quae
1763 966 1900 1012 Nieb.
1943 967 1981 1013 Ι.
2025 984 2071 1029 p.
2103 967 2210 1012 480.
2254 966 2443 1028 egregie
2477 973 2526 1013 et

157 1043 218 1088 ad
251 1057 475 1102 summam
518 1040 618 1085 sine
652 1039 792 1085 dubio
825 1055 939 1085 vere
973 1038 1118 1095 dixit3
1164 1046 1330 1085 contra
1373 1055 1490 1099 quae
1523 1040 1746 1085 nonnulla
1777 1045 1906 1084 recte
1940 1040 2125 1099 quidem
2156 1040 2333 1086 monuit
2365 1040 2523 1085 Madv.

156 1130 203 1176 p.
236 1113 323 1167 78,
367 1112 450 1157 sed
490 1111 539 1157 in
580 1110 684 1156 aliis
726 1111 872 1156 verba
904 1110 1052 1171 magis
1085 1110 1285 1171 pressit,
1328 1126 1464 1171 quam
1505 1126 1606 1156 rem
1639 1110 1830 1156 refellit.
1897 1110 1977 1156 Sic
2009 1110 2144 1157 Nieb.
2177 1125 2408 1171 nunquam
2439 1126 2524 1157 ne-

155 1191 348 1247 gaverat
387 1184 609 1245 patricios
639 1182 926 1243 equitesque
966 1183 1227 1229 ditissimos
1275 1183 1449 1240 fuisse,
1502 1183 1588 1230 sed
1629 1198 1739 1231 num
1781 1183 1862 1228 lex
1896 1189 2029 1237 certa
2072 1183 2130 1229 de
2178 1198 2338 1230 eor-um
2375 1198 2525 1231 censu

157 1257 440 1311 exstitisset,
480 1270 565 1301 suo
593 1252 728 1315 jure,
770 1261 909 1316 puto,
958 1256 1274 1302 dubitaverat.
1349 1255 1469 1302 Nam
1498 1270 1641 1315 quum
1675 1262 1723 1301 et
1750 1255 1936 1315 equites
1966 1261 2019 1300 et
2051 1261 2290 1300 senatores
2323 1255 2524 1317 primum

155 1348 181 1377 a
212 1329 426 1390 regibus,
467 1327 641 1374 deinde
687 1344 713 1374 a
751 1327 1025 1373 consulibus
1070 1327 1434 1388 censoribusque
1467 1335 1760 1383 crearentur,
1808 1328 2099 1374 fortunarum
2138 1326 2363 1389 cujusque
2404 1327 2523 1374 ratio

154 1402 260 1450 fieri
291 1400 468 1464 potuit,
500 1400 687 1448 etiamsi
720 1401 825 1462 lege
860 1401 919 1447 de
954 1407 1084 1447 certo
1119 1401 1317 1461 quodam
1350 1417 1492 1447 censu
1525 1407 1709 1447 cautum
1741 1415 1835 1446 non
1868 1405 1981 1445 erat.

309 1483 312 1488 ’
359 1474 543 1519 Census
578 1480 732 1518 autem
767 1472 999 1533 equestris
1032 1473 1184 1533 prima
1215 1474 1389 1519 mentio
1423 1479 1496 1518 est
1529 1473 1653 1535 apud
1685 1471 1875 1518 Livium
1908 1472 1953 1527 5,
1986 1471 2032 1515 ⁷.
2067 1471 2126 1515 ad
2158 1487 2199 1516 a.
2232 1472 2292 1517 U.
2328 1472 2380 1516 G.
2414 1472 2523 1528 366,

155 1548 204 1592 in
239 1563 328 1607 qua
359 1563 412 1590 re
446 1546 692 1605 quominus
725 1545 938 1601 Livium,
969 1551 1024 1589 ut
1056 1545 1131 1600 fit,
1165 1545 1238 1589 sui
1268 1545 1495 1607 temporis
1528 1545 1756 1590 rationem
1789 1545 1848 1589 ad
1879 1544 1961 1589 illa
1992 1546 2205 1604 tempora
2227 1545 2523 1590 transtulisse

155 1620 423 1674 credamuS,
445 1617 507 1678 ³⁹)
557 1617 777 1678 impedit,
813 1617 937 1676 quod
970 1616 1170 1663 militare
1199 1633 1267 1663 ex
1299 1633 1442 1663 censu
1473 1623 1572 1664 tum
1603 1616 1831 1678 temporis
1865 1615 2045 1676 equites
2080 1623 2357 1678 coeperunt,
2388 1614 2523 1678 cujus

156 1691 228 1737 rei
260 1689 529 1736 testimonia
566 1695 755 1735 exstant
786 1688 1001 1749 plurima.
1067 1689 1345 1734 Senatorum
1377 1704 1546 1734 census
1579 1688 1731 1749 primo
1765 1703 1805 1733 a.
1836 1687 1946 1733 348.
1978 1694 2390 1744 commemoratur,
2433 1704 2523 1749 quo

158 1778 278 1808 anno
311 1762 536 1806 tributum
569 1761 619 1808 iu
653 1760 854 1808 militare
888 1760 1172 1821 stipendium
1195 1775 1261 1805 ex
1287 1775 1431 1805 censu
1454 1760 1712 1805 contulisse
1738 1760 1999 1804 traduntur,
2015 1759 2075 1819 ⁴⁰)
2141 1757 2287 1819 Cujus
2314 1759 2372 1804 ad
2399 1775 2524 1805 sum-

155 1851 278 1881 mam
327 1835 453 1894 quod
502 1833 691 1888 attinet,
742 1848 835 1878 non
885 1832 1181 1893 cogitandum
1217 1839 1290 1878 est
1331 1833 1389 1880 de
1434 1831 1811 1893 quadringentis,
1855 1830 1933 1891 qui
1976 1831 2199 1877 extremis
2240 1830 2524 1892 reipublicae

155 1905 450 1967 temporibus
485 1905 691 1965 equitum
726 1919 893 1949 census
927 1903 1041 1958 suit3
1076 1919 1132 1948 ea
1165 1903 1287 1951 euim
1323 1910 1475 1948 aetate
1509 1917 1677 1948 census
1705 1902 1986 1950 senatorius
2019 1900 2107 1946 fuit
2141 1902 2524 1963 octingentorum,

153 1978 334 2039 primae
369 1984 525 2022 autem
559 1976 722 2022 classis
758 1991 925 2024 census
959 1975 1047 2021 HS
1094 1984 1323 2028 0001000.
1348 1975 1408 2035 ⁴¹)
1475 1975 1573 2020 Sed
1614 1974 1736 2020 intra
1779 1990 1819 2020 a.
1853 1973 1912 2020 U.
1949 1974 2000 2020 C.
2033 1973 2317 2022 540—600
2357 1991 2525 2023 census

157 2051 334 2111 primae
365 2048 533 2095 classis
567 2048 774 2093 nondum
808 2047 1052 2109 superavit
1085 2055 1269 2093 centum
1302 2047 1448 2096 millia
1475 2046 1668 2103 assium,
1701 2046 1783 2094 ie.
1816 2045 2119 2110 quadraginta
2150 2046 2294 2093 millia
2320 2047 2424 2094 HS.
2459 2048 2525 2112 (v.

160 2122 325 2167 Backh
357 2122 387 2166 l.
420 2122 452 2166 l.
486 2137 532 2181 p.
566 2121 662 2184 432
696 2120 785 2181 sq.)
849 2121 1076 2166 Fortasse
1119 2127 1215 2166 tum
1262 2135 1430 2166 census
1472 2127 1692 2179 equester
1731 2135 1829 2165 non
1871 2117 2024 2180 major
2056 2118 2145 2165 suit
2176 2119 2525 2182 quadringentis

160 2192 367 2241 millibus
398 2192 572 2237 assium
604 2192 620 2237 i
653 2209 695 2238 e.
729 2193 833 2238 HS.
869 2198 1052 2238 centum
1086 2191 1331 2253 sexaginta
1364 2192 1584 2237 millibus.
1649 2191 1804 2251 Atque
1837 2206 2097 2251 quanquam
2130 2191 2204 2236 hic
2237 2207 2404 2238 census
2437 2201 2526 2250 est,

162 2280 325 2325 quem,
369 2278 516 2324 parv-o
549 2278 845 2309 numerorum
879 2263 1148 2309 discrimine
1183 2264 1241 2309 ad
1275 2264 1529 2309 Servianas
1563 2263 1738 2307 classes
1772 2269 1820 2307 et
1853 2262 2018 2306 Cicero
2053 2269 2101 2306 et
2132 2261 2297 2309 Livius
2331 2271 2379 2310 et
2410 2264 2526 2316 Dio-

154 2335 325 2398 nysius
372 2335 608 2390 referunt,
658 2341 813 2383 tamen
853 2351 1005 2403 nuper
1048 2335 1238 2402 egregie
1281 2334 1521 2385 Bockhius
1562 2334 1769 2384 ostendit
1811 2332 1887 2394 (v.
1920 2334 1951 2381 L
1983 2335 2016 2381 l.
2049 2333 2169 2398 inpr.
2200 2351 2249 2403 p.
2281 2335 2406 2402 442)
2439 2338 2525 2383 hos

267 2551 417 2596 probari,
442 2557 555 2584 tamen
579 2560 599 2583 e
620 2550 728 2602 verbo
751 2549 981 2601 duodeviginti
1004 2550 1048 2584 sse
1065 2552 1209 2594 equitum
1222 2562 1303 2586 cen·
1428 2552 1479 2617 ἔξ)
1504 2551 1631 2585 Rarum
1643 2555 1695 2584 est
1707 2552 1893 2604 exemplum
1906 2552 2065 2596 pauperis
2078 2552 2246 2586 senatoris
2255 2551 2333 2586 ⁴Liv.
2353 2552 2385 2594 2,
2406 2554 2458 2594 16,
2466 2554 2525 2589 233.

265 2596 362 2671 23:12⁶:
371 2599 668 2680 ’ρέζῖεεῗῶψὲῗ
681 2593 1304 2682 .X,¹.·..3::{{“.2g.:1¹ss’c?‡{¹.¹:‚‘5‚¹;⁰¹ss..5.f;}r
1458 2596 1479 2637 ⁹
1497 2594 1641 2679 xm.
1656 2594 1815 2681 {ladit
1826 2595 1981 2681 35⁶3?
1970 2595 2048 2671 {0¹13
2079 2606 2113 2638 ¹²·
2137 2597 2212 2630 ‘¹⁸²'
2239 2595 2296 2628 ²⁴¹·
2326 2601 2402 2629 '‘³“
2427 2602 2461 2629 ‘³‘
2483 2598 2527 2631 ‘¹⁴²

206 2723 253 2763 ³⁵)
267 2681 409 2756 11ξέζῖἰένῖ
432 2679 703 2755 ἰιίἃνὲιῐὺῗιέυᾷ
753 2731 857 2764 quem
884 2731 919 2753 v.
942 2731 975 2763 p.
1000 2722 1051 2755 79.
1083 2727 1201 2755 corma
1224 2721 1305 2755 Nie-
1434 2680 1481 2763 Ξῖ)
1505 2679 1642 2754 Ῑῐλξῖῐεὶὴὲιῖ
1662 2680 1719 2757 12.Ὶὶ
1742 2680 1783 2715 et
1805 2680 2017 2758 Ῑίῐὲἷώκίυω
2038 2692 2072 2725 p·
2096 2682 2170 2715 359.

267 2734 432 2796 *buln-iumg
457 2764 481 2796 1.
517 2767 563 2807 μ’
586 2766 663 2798 480.
700 2746 778 2839 εἠἎι
810 2769 844 2795 et
877 2752 1083 2796 Wal'temm'
1124 2765 1307 2797 Rtimisclie
1434 2766 1479 2806 ⁴⁰)
1502 2764 1579 2796 Liv„
1604 2767 1641 2804 4,
1663 2748 1729 2798 60..
1752 2734 1785 2767 P·
1876 2748 1884 2756 ⁶

269 2806 508 2851 Reclnsgesch.
541 2818 575 2851 p.
612 2807 709 2849 127.)
770 2811 983 2849 isputantem.
1018 2806 1061 2838 cf.
1120 2807 1236 2844 usehk.
1272 2818 1305 2851 p.
1435 2807 1483 2848 ⁴¹)
1507 2805 1646 2839 Bfickh:
1670 2806 1819 2842 Meti-olo
1844 2806 2068 2843 .Untersuch.
2091 2807 2173 2841 fiber
2185 2805 2373 2847 Gewichte,
2395 2804 2524 2844 Mn‘lnztss

266 2851 346 2886 350.
370 2861 420 2892 sq·
1501 2860 1531 2884 u.
1554 2849 1698 2887 Maasse
1720 2851 1782 2885 des
1842 2852 1953 2888 henli..
1977 2862 2008 2884 c.
2029 2850 2166 2891 xxix,
2188 2852 2273 2897 inpr.
2291 2860 2330 2897 Ρ.
2354 2851 2428 2888 435.
