2720 3402
2436 122 2535 174 49

177 267 268 313 iam
297 272 456 313 contra
483 267 730 331 optimates
756 268 1047 331 plebeiorum
1080 284 1171 332 ope
1199 275 1247 315 et
1275 269 1480 330 equitum
1514 269 1743 332 indigere,
1777 272 2000 327 utrosque
2033 265 2126 313 iam
2159 267 2297 328 plane
2331 268 2535 325 diversa,

178 345 315 398 atque
348 342 697 398 conciliaverat,
731 343 910 389 ratione
947 342 1226 389 continebat.
1290 341 1409 386 Nam
1441 335 1627 403 plebem
1660 341 1847 401 quidem
1879 339 1945 385 ita
1977 339 2209 395 coercuit,
2245 347 2308 396 ut,
2341 356 2536 387 numero

176 411 458 459 frumentum
492 430 518 460 e
552 415 739 475 publico
773 414 1098 476 accipientium
1126 413 1381 468 deminuto,
1415 413 1649 459 distractis
1682 412 1882 467 cunctis,
1916 419 2107 473 praeter
2139 412 2392 472 antiquitus
2425 429 2537 459 con-

177 482 351 542 stituta,
385 486 610 548 collegiis,
644 488 990 548 provocatione·
1011 487 1069 533 ad
1101 485 1328 548 populum
1359 483 1409 530 in
1442 485 1715 545 quibusdam
1748 484 1924 530 caussis
1952 486 2147 541 sublata,
2180 484 2355 531 iudicia
2380 486 2439 532 ad
2463 486 2535 532 iu-

176 555 328 602 dicum
361 575 533 620 genera
566 559 656 604 duo
690 560 942 621 redigeret,
975 557 1175 604 tribunis
1206 556 1415 613 aerariis,
1448 557 1635 617 plebeia
1666 563 1815 617 parte,
1849 558 2122 618 remotis.⁸³)
2170 559 2537 605 Publicanorum

175 635 329 675 autem
371 630 636 692 opinionem
668 648 708 677 a.
742 631 802 677 61
820 636 1119 694 ,conceptam
1145 635 1257 692 post
1288 645 1492 691 pugnam
1523 627 1842 694 Pharsalicam
1883 627 1949 672 ita
1981 629 2230 675 frustratus
2264 638 2361 688 est,
2403 638 2456 678 ut
2488 641 2536 678 et

174 701 343 758 eidem,
375 703 435 747 de
469 717 558 766 qua
590 709 687 749 tum
721 719 799 749 res
833 709 935 748 acta
967 700 1091 759 erat,
1132 701 1405 763 provinciae
1439 700 1581 746 Asiae
1616 700 1800 745 tertiam
1834 706 2015 760 partem
2046 702 2340 762 vectigalium
2373 704 2536 749 remit-

173 765 320 829 teiet,
362 774 511 834 iisque
546 776 604 821 ad
640 782 813 821 certam
847 775 1074 836 quandam
1117 789 1342 820 summam
1375 772 1666 828 constitutiS,
1708 771 1982 833 publicanos
2016 774 2195 819 severis
2228 776 2408 836 legibus
2438 778 2534 824 ‘cir-

174 845 518 893 cumscriberet.
536 848 597 910 ⁸⁴)
660 848 825 910 Neque
857 847 949 895 nisi
982 846 1306 909 inexspectato
1342 844 1557 893 Caesaris
1590 844 1784 892 interitu
1817 844 2007 902 accidit,
2055 851 2107 892 ut
2139 846 2197 892 ad
2229 854 2390 895 vetera
2422 864 2533 897 con-

175 918 476 963 ciliandorum
510 921 723 965 ordinum
756 921 953 965 artificia
983 920 1242 975 rediretur3
1277 926 1325 964 et
1351 918 1561 980 quamvis
1592 918 1815 962 nobilium
1851 934 1961 980 pars
1987 919 2225 964 etiamtum
2258 927 2352 966 tam
2385 922 2535 984 impar

174 997 303 1036 esset
333 990 555 1038 victoriae
588 993 950 1054 recuperandae,
982 998 1035 1038 ut
1064 992 1269 1053 populus
1293 992 1532 1037 Romanus
1565 991 1701 1036 alteri
1735 991 1924 1037 domino
1959 992 2164 1047 cederet,
2198 1000 2352 1038 tamen
2383 996 2535 1055 plebis

164 1063 470 1123 equitumque
513 1066 844 1125 placandorum
886 1065 1040 1112 studia
1070 1064 1430 1111 reviviscebant.
1494 1063 1711 1109 Nondum
1745 1063 1869 1109 enim
1901 1064 2100 1109 Romam
2134 1065 2421 1112 Octavianus
2453 1084 2537 1113 ve-

173 1142 330 1193 nerat,
375 1150 513 1196 quum
545 1137 603 1183 L.
636 1136 870 1183 Antonius
902 1137 1055 1197 legem
1088 1136 1314 1197 agrariam
1347 1135 1685 1197 promulgavit,
1728 1149 1818 1194 qua
1849 1151 1944 1201 non
1976 1137 2165 1197 plebem
2208 1138 2360 1184 solum
2403 1146 2536 1186 vete-

173 1223 404 1269 ranosque
437 1207 497 1253 ad
529 1207 734 1254 studium
768 1207 842 1254 sui
873 1207 1119 1270 perduxit,
1162 1207 1248 1254 sed
1278 1206 1344 1254 ita
1377 1206 1516 1254 etiam
1550 1206 1778 1253 satisfecit
1811 1207 2067 1269 equitibus,
2109 1214 2162 1256 ut
2193 1210 2268 1269 hi,
2313 1224 2430 1273 quos
2464 1212 2535 1259 vi—

174 1281 326 1324 dimus
370 1279 474 1323 aliis
518 1280 785 1324 huiusmodi
825 1280 1009 1340 legibus
1052 1280 1223 1325 acriter
1253 1280 1510 1334 restitisse,
1552 1280 1755 1324 Antonio
1788 1287 2004 1340 tanquam
2035 1289 2232 1343 patrono
2267 1292 2534 1345 equestrem

174 1357 371 1397 statuam
403 1357 657 1412 ponerent,
680 1351 740 1413 ⁸⁵)
774 1367 914 1412 quum
947 1352 1112 1399 Cicero
1145 1369 1205 1398 ne
1252 1359 1351 1397 tum
1393 1351 1578 1411 quidem
1620 1352 1895 1412 desperaret
1936 1355 2180 1400 concordia
2222 1356 2450 1403 ordinum¹
2479 1374 2532 1404 se

175 1429 467 1469 servaturum
500 1424 858 1486 rempublicam,
908 1430 1235 1485 senatumque,
1280 1422 1486 1485 equites,
1528 1424 1755 1485 populum
1788 1440 1935 1484 aeque
1969 1424 2166 1472 infestos
2210 1444 2316 1474 esse
2358 1430 2532 1477 debere

174 1495 378 1543 Antonio
409 1496 744 1560 testaretur.⁸⁶)
808 1496 865 1543 L.
885 1496 1078 1544 Antonii
1109 1496 1400 1559 rogationem
1427 1495 1574 1543 Marci
1608 1495 1767 1543 fratris
1801 1496 1881 1543 lex
1914 1495 2155 1552 iudiciaria
2187 1499 2342 1547 statim
2376 1510 2535 1550 secuta

174 1577 269 1625 est,
305 1584 395 1630 qua
427 1569 655 1615 dissoluta
687 1576 761 1615 est
793 1570 943 1615 omnis
975 1571 1057 1615 lex
1087 1569 1331 1616 iudiciaria
1363 1569 1592 1615 Caesaris.
1619 1569 1680 1630 ⁸⁷)
1744 1569 1863 1614 Nam
1897 1584 2036 1631 quum
2068 1571 2149 1619 ille
2182 1572 2369 1633 plebem
2403 1589 2430 1620 e
2463 1575 2535 1622 iu·

173 1642 307 1688 diciis
340 1642 618 1697 amovisset,
665 1643 741 1687 hic
773 1643 957 1688 tertiam
993 1644 1147 1688 denuo
1182 1643 1417 1687 decuriam
1447 1642 1674 1698 instituit,
1719 1658 1912 1702 eamque
1945 1659 2039 1688 non
2070 1645 2361 1690 tribunorum
2403 1662 2536 1692 aera-

170 1713 361 1771 riorum,
395 1713 494 1771 sed,
527 1719 579 1760 ut
612 1714 777 1761 Cicero
811 1714 889 1771 ait,
924 1714 1262 1771 centurionum,
1294 1707 1423 1761 nulla
1454 1713 1636 1760 ratione
1670 1730 1837 1760 census
1871 1715 2040 1761 habita.
2105 1715 2223 1763 Nam
2258 1718 2397 1765 etiam
2430 1722 2536 1783 lege

170 1787 313 1844 Iulia,
362 1786 613 1849 Pompeia,
656 1786 849 1833 Aurelia
891 1787 1188 1834 centuriones
1231 1786 1438 1833 iudicare
1480 1792 1756 1848 potuerunt,
1806 1787 1892 1833 sed
1934 1794 2035 1834 erat
2075 1788 2159 1847 iis,
2210 1796 2263 1836 ut
2303 1792 2535 1852 equitibus

170 1866 325 1908 certus
358 1859 543 1918 quidam
577 1874 744 1904 census
776 1859 1077 1919 praefinitus,
1121 1860 1510 1919 spectabaturque
1543 1859 1592 1904 in
1623 1859 1777 1905 iudice
1822 1867 1871 1905 et
1913 1861 2101 1906 fortuna
2144 1869 2192 1908 et
2233 1863 2448 1924 dignitas.
2472 1867 2532 1926 8¹3)

169 1929 399 1977 Antonius
432 1935 594 1975 contra
635 1946 728 1977 non
761 1932 911 1976 solum
943 1929 1289 1992 Antesignanos
1332 1936 1380 1975 et
1415 1930 1730 1992 manipulares
1776 1938 1824 1978 et
1855 1933 2062 1986 Alaudas
2085 1934 2146 1995 ⁸⁹)
2180 1937 2419 1984 constituit
2460 1938 2532 1985 iu—

170 2002 323 2059 dices,
366 2002 474 2057 sed,
516 2008 569 2047 ut
602 2002 767 2048 Cicero
800 2002 986 2061 quidem
1020 2004 1146 2059 vult,
1188 2003 1420 2047 aleatores
1454 2002 1619 2059 etiam,
1664 2004 1878 2059 exsules,
1922 2004 2156 2062 Graecos,
2200 2007 2379 2067 Cydam
2413 2010 2530 2056 Cre-

169 2082 374 2131 tensem,
415 2080 682 2135 portentum
715 2074 920 2130 insulae,
963 2075 1172 2133 aliosque
1205 2074 1361 2134 legum
1395 2073 1708 2120 Romanarum
1740 2091 2011 2135 morumque
2044 2076 2246 2136 ignaros.
2268 2079 2328 2141 ⁹⁰)
2394 2082 2529 2144 Quae

169 2149 272 2204 lex,
313 2147 605 2208 promulgata
637 2162 678 2192 a.
710 2147 798 2203 44,
841 2161 1098 2207 quanquam
1132 2146 1325 2191 foedere
1358 2145 1614 2191 Mutinensi
1648 2147 1878 2192 Antonius
1911 2149 2191 2208 postulavit,
2239 2167 2298 2197 ne
2333 2155 2531 2216 abroga-

169 2226 323 2275 retur,
347 2218 406 2279 91)
448 2225 604 2264 tamen
635 2234 729 2265 non
760 2219 905 2265 multo
937 2224 1048 2280 post
1080 2233 1184 2264 cum
1220 2216 1389 2262 ceteris
1421 2216 1614 2262 Antonii
1656 2217 1838 2278 legibus
1872 2221 2095 2280 abrogata
2118 2221 2178 2282 92)
2222 2222 2425 2285 finisque
2459 2227 2557 2273 iu-·

173 2428 218 2468 ⁸³)
241 2424 334 2457 Suet.
365 2416 464 2457 caes.
496 2424 548 2455 41.
595 2424 674 2457 Dio.
700 2423 763 2463 43,
794 2423 847 2456 25.
893 2424 934 2457 τά
956 2435 990 2457 τε
1021 2423 1089 2469 γὰρ
1121 2424 1312 2469 δικαστήρια
1424 2421 1557 2454 occulta
1588 2422 1675 2454 enim
1708 2422 1768 2455 fuit
1800 2434 1920 2457 eorum
1960 2424 2120 2458 voluntas
2150 2428 2374 2471 iudiciumque
2407 2429 2451 2462 de
2479 2429 2528 2463 M.

215 2470 283 2503 τοῖς
314 2478 347 2500 τε
380 2468 566 2509 βουλευταῖς
598 2469 653 2499 καὶ
690 2470 758 2503 τοῖς
792 2467 928 2500 ἱππεῦσι
967 2468 1084 2511 μόνοις
1125 2468 1312 2511 ἐπέτρεψεν,
1423 2465 1583 2504 Antonio,
1609 2466 1665 2506 qui
1688 2465 1960 2510 frequentissime
1984 2469 2017 2501 in
2040 2470 2201 2512 gradibus
2225 2472 2438 2505 Concordiae
2462 2480 2528 2505 ste-

215 2511 303 2547 ὅπως
332 2510 369 2544 τὸ
396 2512 634 2555 καθαρώτατον
658 2510 708 2552 ὅτι
729 2511 872 2553 μάλιστα
896 2510 947 2543 ἀεὶ
971 2511 1119 2549 δικάζοι·
1153 2514 1313 2556 πρότερον
1409 2513 1554 2548 χῑιῑιᾞῐιη
1575 2509 1712 2550 quivos
1728 2510 1773 2543 ad
1791 2510 1982 2545 libertatem
1999 2515 2266 2556 recuperandam
2284 2517 2529 2557 excitaverunt,

213 2555 280 2631 ,ὁιίἑρ
308 2555 385 2630 ῧῖἱιι
400 2556 437 2628 ἐπί
458 2554 517 2629 rga?
538 2554 653 2597 ὁμίλου
675 2556 760 2589 τινὲς
783 2555 1085 2598 συνδιεγίγνωσκον
1107 2553 1225 2590 αὐτοῖς.
1270 2552 1311 2585 cf.
1422 2563 1556 2628 ggii-2¹13„
1552 2552 1797 2631 {afirssckgllitzm
1821 2554 2094 2632 efflagitaverurtit
2104 2570 2196 2635 ,ΗΤΣ
2217 2561 2529 2635 ιιιηει.ειιπιῶἷξοῃι11(;

255 2609 284 2630 c·
388 2622 396 2630 ·
499 2622 505 2628 ,
1715 2609 1734 2629 c
1770 2609 1847 2631 nem
1862 2610 2059 2632 vocaverun
2075 2625 2083 2632 .
2201 2614 2221 2635 n
2238 2613 2348 2635 omum
2414 2613 2423 2635 ι
2447 2611 2502 2636 eut
2519 2631 2527 2637 .

173 2642 217 2685 ⁸⁴)
242 2641 359 2674 Drum.
382 2640 415 2681 3,
438 2622 470 2683 p.
494 2638 569 2672 531.
1424 2649 1500 2672 cum
1522 2638 1575 2672 his
1599 2650 1717 2682 pacem
1741 2642 1892 2676 servabit
1915 2643 2108 2678 Antoniusi?
2425 2615 2445 2646 g

172 2687 218 2729 ⁸⁵)
243 2684 312 2718 Cic.
326 2683 458 2724 Phil.6,
472 2683 504 2724 5,
521 2683 570 2717 13.
604 2682 765 2715 Altera
788 2683 986 2727 (statua)
1010 2683 1062 2717 ab
1085 2682 1312 2727 equitibus
1387 2683 1432 2726 ⁶¹¹)
1455 2681 1544 2714 Phil.
1570 2682 1600 2722 1,
1624 2683 1658 2723 8,
1685 2683 1736 2717 19.

214 2729 418 2762 Romanis
440 2738 549 2769 equo
572 2726 779 2769 publico,
812 2727 882 2769 qui
904 2728 1010 2760 item
1032 2727 1312 2760 adscribunt:
1387 2728 1432 2768 ⁸⁸)
1456 2726 1499 2758 ib.
1525 2726 1556 2765 1,
1578 2727 1611 2765 8,
1634 2727 1688 2759 20.

214 2771 487 2814 „Patrono.“
514 2788 551 2794 —
579 2787 617 2793 —
664 2769 820 2813 Agrum
843 2769 911 2802 his
943 2769 1116 2804 divisit.
1161 2768 1194 2804 0
1218 2778 1311 2802 sor·
1387 2767 1631 2814 ι’ν)1)τιιιιι.1,
1656 2779 1688 2815 p.
1715 2769 1789 2814 116,
1813 2781 1845 2806 n.
1869 2769 1922 2806 83.
1946 2771 2000 2808 84.

214 2816 365 2855 didos,
397 2815 471 2856 qui
500 2818 785 2856 acceperunt.
833 2814 875 2847 cf.
899 2815 931 2853 7,
954 2814 996 2853 6,
1022 2815 1073 2847 16.
1100 2815 1151 2847 17.
1194 2814 1312 2846 Drum.
1388 2815 1432 2854 ⁹.⁰)
1455 2812 1543 2844 Phil.
1566 2814 1598 2849 5,
1622 2815 1653 2845 5.

217 2857 247 2899 l,
274 2858 345 2890 115.
1389 2856 1433 2901 ⁹¹)
1457 2854 1501 2888 ib.
1524 2853 1558 2897 8,
1579 2853 1613 2898 9,
1636 2854 1690 2888 27.

171 2904 218 2944 0⁰)
242 2902 331 2935 Phil.
356 2903 389 2942 7,
411 2902 445 2942 8,
468 2901 521 2934 21.
544 2901 596 2933 22.
642 2902 694 2933 An
718 2902 849 2942 equites
872 2901 1045 2933 Romanoa
1068 2902 1313 2943 amplectetur?
1347 2878 1353 2942 Ι
1390 2903 1434 2942 ⁹²)
1457 2901 1502 2932 ib.
1528 2901 1580 2938 13,
1603 2902 1633 2932 3.
1681 2901 1723 2933 cs.
1745 2902 1862 2934 Drum.
1889 2904 1920 2942 1,
1943 2915 1975 2944 p.
2003 2904 2063 2934 116
