2720 3402
2488 105 2536 157 :3

391 252 466 299 Ad
508 254 632 300 hunc
673 258 987 299 trecentorum
1021 253 1180 315 equitu
1268 268 1510 301 numerum
1551 252 1756 316 receptis
1800 253 1925 300 inter
1966 252 2096 298 cives
2129 251 2324 298 Albanis
2367 252 2535 299 Tullus

184 323 421 372 Hostilius
456 327 501 372 X
544 326 752 386 equitum
795 334 968 372 turmas
1001 328 1032 372 i.
1066 345 1107 373 e.
1188 335 1314 372 teros
1347 335 1582 372 trecentos
1617 327 1810 381 addidit,
1835 327 1871 387 θ)
1904 327 2031 386 iique
2065 325 2278 370 sexcenti
2309 325 2536 370 institutis

186 413 214 443 a
246 397 501 460 Tarquinio
534 398 700 445 Prisco
732 389 1072 447 Ramnensibus
1141 399 1456 457 Titiensibus,
1499 400 1759 447 Luceribus
1802 398 2143 461 posterioribus
2186 398 2246 444 ad
2288 398 2416 444 mille
2450 399 2537 445 du-

185 478 347 517 centos
378 471 570 518 redacti.
595 471 630 534 ⁷)

388 544 533 590 Hunc
573 562 814 592 numerum
858 546 1065 607 agnoscit
1108 546 1272 591 Cicero
1315 546 1375 591 de
1418 561 1520 606 rep.
1562 545 1616 600 2,
1659 545 1735 589 2⁰.
1793 545 1948 600 „Sed
1989 553 2181 591 tamen
2223 545 2535 606 prioribus

185 615 449 677 equitum
480 617 755 680 partibus
797 617 1077 665 secundis
1121 617 1349 665 additis
1390 617 1443 663 M
1484 622 1544 662 et
1587 616 1674 662 CC
1716 615 1867 662 fecit
1909 616 2202 678 equites.“
2278 617 2377 664 Sed
2409 617 2536 665 idem

184 689 339 734 addit:
382 705 804 752 numerumque
848 691 1189 754 duplicavit
1221 696 1531 752 postquam
1564 689 1728 734 bello
1771 689 2013 750 subegit
2049 690 2379 750 Aequorum
2416 706 2535 736 ma·-

184 776 350 821 gnam
393 769 624 823 gentem
666 771 725 809 et
765 765 1027 810 ferocem
1069 770 1127 809 et
1158 765 1338 809 rebus
1371 760 1581 823 populi
1614 761 1859 807 Romani
1892 760 2344 807 imminentem.“
2424 764 2533 824 Quo

182 833 287 879 loco
330 834 528 881 dubitari
570 851 663 883 non
702 852 843 898 posse
888 837 1086 882 arbitror
1125 836 1184 881 de
1216 850 1340 880 nova
1373 841 1421 880 et
1453 833 1620 880 iterata
1653 833 1967 895 duplicatione
2000 834 2206 895 equitum
2241 835 2367 895 loqui
2399 835 2535 881 Cice-

182 920 368 963 ronem,
411 905 542 969 cujus
575 908 657 954 rei·
677 905 885 955 caussam
917 909 1065 955 fuisse
1099 908 1349 954 adventum
1384 906 1531 952 Caelii
1564 905 1806 952 Vibennae
1839 905 2054 964 Etrusci,
2098 906 2176 968 qui
2218 914 2384 969 postea
2421 908 2535 954 Ser-

183 978 288 1025 vius
322 981 507 1027 Tullius
550 982 700 1028 dictus
746 989 842 1039 est,
893 982 1155 1028 ostendisse
1189 980 1278 1026 sibi
1310 980 1441 1026 visus
1474 986 1548 1025 est
1579 979 1854 1025 Huschkius
1887 995 1934 1041 p.
1968 979 2033 1025 42
2049 1007 2109 1014 —
2128 980 2204 1024 52.
2280 980 2377 1025 Sed
2419 981 2537 1026 hanc

182 1066 296 1109 rem,
331 1052 462 1115 cujus
495 1068 636 1100 unum
668 1061 846 1100 tantum
879 1053 1120 1116 probabile
1154 1059 1472 1114 argumentum
1508 1059 1603 1110 est,
1646 1053 1771 1114 quod
1803 1053 2000 1098 Servius
2036 1068 2063 1098 a
2095 1051 2330 1113 Dionysio
2374 1051 2457 1114 (4,
2491 1052 2536 1099 3.

181 1124 409 1170 Huschke
442 1142 490 1187 p.
522 1127 619 1187 48.)
654 1127 885 1186 equitatus
918 1126 1208 1185 nominisque
1240 1126 1399 1170 Latini
1431 1126 1529 1170 dux
1560 1126 1707 1170 fuisse
1741 1132 1974 1181 narratur,
2008 1125 2055 1170 in
2089 1125 2245 1170 medio
2279 1139 2403 1170 nunc
2436 1125 2537 1187 qui-

182 1196 289 1243 dem
331 1198 685 1258 relinquendum
720 1198 1011 1253 existimavi,
1060 1213 1121 1243 ne
1163 1197 1304 1243 certis
1336 1197 1515 1243 incerta
1545 1199 1804 1243 miscerem.
1878 1198 2012 1258 Quae
2047 1199 2170 1242 enim
2204 1200 2444 1258 hucusque
2477 1200 2537 1244 de

183 1267 417 1329 equitibus
449 1270 643 1328 tradidi3‚
676 1270 957 1318 testimoniis
991 1268 1132 1316 certis
1164 1268 1395 1326 nituntur,
1427 1270 1577 1326 unde,
1610 1284 1749 1329 quum
1783 1270 1842 1316 ad
1875 1270 2027 1316 curias
2059 1278 2362 1329 senatumque
2396 1287 2538 1330 quae·-

183 1340 393 1386 stionem'
423 1343 743 1399 transtuleris,
786 1358 814 1388 a
853 1342 948 1388 fide
991 1342 1230 1392 auctorum
1273 1342 1332 1387 ad
1375 1340 1687 1402 conjecturam
1718 1357 1796 1387 res
1829 1342 2014 1387 redibit.
2084 1342 2162 1387 Ex
2194 1342 2360 1402 quibus
2393 1357 2537 1402 quae-

183 1412 412 1459 stionibus
455 1430 547 1460 una
587 1421 765 1461 tantum
808 1415 898 1460 huc
939 1413 1159 1476 pertinet.
1235 1414 1342 1459 Non
1383 1413 1530 1459 dubiis
1574 1413 1697 1460 enim
1731 1414 2015 1474 argumentis
2047 1414 2331 1460 Niebuhrius
2365 1415 2536 1471 docuit,

182 1499 334 1546 neque
366 1486 599 1544 Luceres,
642 1502 794 1549 neque
843 1487 1074 1544 Albanos,
1117 1484 1257 1547 quive
1302 1486 1382 1532 alii
1421 1492 1588 1547 postea
1619 1484 1742 1531 inter
1774 1485 1901 1532 cives
1934 1485 2170 1532 Romanos
2203 1487 2383 1548 recepti
2416 1495 2538 1544 sunt,

181 1556 231 1603 in
264 1558 488 1605 Senatum
521 1560 747 1605 Curiasve
792 1560 950 1606 statim
987 1561 1181 1605 allectos
1214 1575 1335 1604 esse.
1414 1558 1503 1603 Cui
1544 1557 1840 1621 conjecturae
1875 1560 2067 1604 alteram
2101 1557 2316 1620 adjunxit
2347 1560 2539 1606 Husch—

183 1630 302 1676 kius.
378 1633 534 1694 Quum
577 1634 702 1679 enim
745 1633 926 1693 equites
969 1634 1240 1693 legerentur
1282 1639 1329 1678 et
1371 1649 1398 1677 e
1441 1631 1582 1677 curiis
1624 1639 1673 1677 et
1705 1649 1731 1677 e
1775 1631 1991 1691 gentibus
2024 1631 2074 1677 in
2106 1631 2351 1690 civitatem
2375 1649 2540 1679 recens

181 1704 413 1765 receptis,
453 1704 502 1750 hi
537 1712 691 1751 autem
723 1720 817 1751 non
849 1706 1015 1751 eodem
1042 1703 1177 1767 jure,
1211 1719 1302 1765 quo
1336 1711 1524 1750 veteres
1559 1702 1686 1749 cives
1721 1709 1903 1760 essent,
1946 1703 2202 1760 concludit,
2236 1703 2384 1762 idem,
2418 1705 2541 1766 quod

183 1775 309 1823 inter
341 1778 496 1835 civeS,
531 1779 671 1824 etiam
704 1778 829 1825 inter
861 1778 1043 1840 equites
1077 1777 1226 1822 fuisse
1261 1776 1510 1823 discrimen
1544 1784 1609 1833 ut,
1643 1777 1721 1838 qui
1754 1776 1802 1822 in
1837 1775 1976 1822 curiis
2003 1784 2176 1834 essent,
2209 1777 2366 1839 gravis
2392 1793 2541 1823 arma-

182 1855 339 1904 turae,
383 1851 462 1909 qui
493 1866 658 1896 recens
692 1851 1022 1905 advenissent,
1066 1850 1187 1895 levis
1221 1857 1480 1894 armaturae
1518 1850 1708 1895 fuerint.
1783 1851 1889 1911 Quo
1932 1850 2081 1895 refert
2122 1850 2274 1894 locum
2316 1850 2540 1895 Varronis

182 1919 242 1964 de
273 1918 331 1964 L.
363 1919 421 1965 L.
454 1920 509 1977 7,
543 1922 588 1966 3.
624 1938 668 1983 p.
701 1922 810 1966 341.
844 1921 939 1983 Sp..
1002 1921 1426 1981 Fereth-arium
1469 1936 1497 1966 a
1539 1922 1818 1977 ferendo,
1863 1920 1922 1966 id
1964 1928 2058 1967 est
2098 1921 2272 1966 inane
2313 1936 2375 1966 ac
2408 1920 2537 1967 sine

228 2076 266 2117 ⁶)
290 2075 365 2108 Liv.
391 2076 421 2115 1,
443 2076 497 2110 36.
542 2075 644 2109 Dion.
666 2077 697 2116 3,
720 2077 772 2110 67.
795 2086 828 2118 p.
851 2077 916 2110 579
940 2080 973 2107 et
996 2085 1025 2108 c.
1048 2076 1100 2109 71.
1144 2075 1269 2107 Zonar.
1286 2076 1316 2115 7,
1718 2075 1835 2108 decem
1859 2080 1986 2108 turmas
2009 2075 2216 2108 Albanorum
2240 2075 2304 2117 (1,
2328 2076 2394 2118 30)
2418 2077 2494 2110 300.

291 2120 323 2152 6.
361 2118 473 2151 valer.
496 2118 591 2151 Max.
615 2121 647 2159 3,
670 2122 701 2153 4.
743 2119 854 2152 Aut-el.
877 2119 964 2151 vict.
988 2120 1018 2151 6.
1062 2117 1118 2150 De
1140 2117 1316 2150 Niebuhrii

291 2162 455 2194 sententia
481 2162 555 2194 vol.
580 2161 603 2195 1.
627 2174 659 2204 p.
683 2164 747 2196 430
769 2174 842 2204 sqq.
863 2173 895 2194 v.
914 2161 1059 2203 Madvig
1078 2172 1193 2202 opusc.
1216 2173 1248 2203 p.
1263 2163 1315 2194 75.
2057 2180 2064 2186 ι
2421 2164 2497 2194 600.

231 2204 402 2247 ¹J11aec,
436 2210 595 2248 quantum
630 2205 663 2238 in
698 2206 799 2239 tantis
834 2204 981 2239 tenebris
1013 2204 1162 2248 perspici
1193 2209 1316 2247 potest,
1443 2204 1450 2210 ⁰
1508 2203 1556 2235 sic
1578 2203 1698 2245 pergit.
1723 2214 1751 2236 c.
1774 2203 1836 2242 37,
1870 2204 1900 2237 7.
1946 2201 2125 2245 „Neque
2159 2208 2243 2236 tum
2275 2204 2541 2247 Tarquinius

290 2257 375 2280 vera
397 2253 449 2280 est
471 2249 695 2290 computatio:
1509 2246 1564 2277 de
1599 2246 1788 2287 equitum
1821 2246 2042 2278 centuriis
2073 2246 2311 2289 quidquam
2341 2250 2541 2287 mutavit,

462 2291 624 2324 Romuius
647 2293 721 2326 300.
1509 2298 1680 2322 numero
1712 2288 1897 2324 alterum
1928 2294 2095 2323 tantum
2124 2289 2318 2332 adjecit,
2347 2296 2390 2324 ut
2423 2292 2543 2325 mille

462 2335 578 2365 Tullus
600 2335 763 2367 Hostilius
785 2336 861 2366 600.
1509 2338 1551 2362 et
1579 2332 1834 2373 octingenti
1861 2334 2046 2373 equites
2076 2333 2118 2363 in
2151 2333 2295 2365 tribus
2318 2336 2542 2367 centuriis

463 2375 663 2420 Tarquinius
686 2376 826 2410 Priscus
849 2376 1059 2409 Ramnenses
1081 2385 1133 2419 pr.
1197 2376 1272 2409 200.
1507 2376 1702 2406 essent.“
1748 2373 1817 2409 Qui
1840 2384 1937 2407 error
1959 2374 2093 2408 Livium
2118 2374 2306 2416 induxerit,
2330 2381 2365 2409 ut
2387 2376 2431 2410 ad
2455 2376 2542 2410 bunc

853 2420 1018 2453 Titienses
1079 2430 1131 2462 pr.
1197 2420 1272 2452 200.
1506 2427 1699 2456 numerum,
1735 2417 1831 2459 cujus
1862 2429 1983 2451 caussa
2013 2417 2107 2460 apud
2129 2419 2238 2461 ipsum
2267 2419 2389 2453 frustm
2412 2423 2542 2463 quaeri-

853 2462 1003 2494 Luceres
1082 2473 1132 2504 pr.
1197 2463 1272 2493 200.
1507 2466 1580 2500 tur,
1641 2461 1832 2503 ervenerit,
1864 2467 2010 2506 apparet
2041 2472 2061 2493 e
2092 2461 2182 2494 Plut.
2213 2472 2247 2494 v.
2279 2463 2375 2495 Rom·
2401 2465 2450 2497 13.
2488 2466 2541 2498 ⁴20.

853 2505 1064 2539 Ramnenses
1082 2509 1169 2549 post.
1198 2505 1273 2538 200.
1505 2504 1554 2537 sic
1577 2514 1613 2537 re
1629 2504 1778 2537 erentis:

854 2549 1021 2580 Titienses
1083 2553 1170 2591 post.
1198 2550 1274 2581 200.
1614 2578 1616 2580 .
2099 2548 2244 2581 Romani
2273 2549 2400 2592 equites
2424 2551 2499 2584 300.

853 2590 1005 2625 Luceres
1083 2596 1170 2634 post.
1198 2592 1273 2624 200.
2080 2592 2217 2625 'Sabini
2317 2610 2363 2616 —
2422 2595 2498 2627 300.

1182 2655 1274 2688 1200.
2100 2635 2224 2668 Albani
2317 2652 2364 2660 —
2423 2638 2500 2671 311).

293 2709 410 2744 Livius
422 2714 544 2750 sutem,
560 2708 714 2753 quamvis
727 2707 864 2741 eosdem
875 2718 1035 2742 numeros
1046 2708 1170 2742 babeat
1182 2709 1229 2750 (1,
1252 2708 1316 2751 13.)
2424 2724 2500 2758 900.

626 2752 760 2787 R⁰m¹¹¹l
783 2752 931 2803 Ragnnes
954 2752 1176 2804 (Romfffflffl)
1205 2753 1273 2786 ¹⁰0·
1513 2763 1569 2805 qui
1600 2774 1760 2796 numerus
1789 2764 1980 2806 duplicatus
2004 2765 2108 2797 efficit
2130 2765 2219 2797 mille
2240 2765 2464 2817 octingentos.
2509 2767 2544 2799 1η

781 2795 886 2827 'sines
968 2795 1164 2847 (ξὲὼῐῆθὸ)
1205 2796 1276 2829 100·
1515 2816 1582 2848 quo
1606 2807 1725 2840 Sabini
1749 2807 1956 2851 decepertmt
1980 2807 2216 2847 Plutarchum,
2243 2807 2266 2840 ii
2289 2818 2378 2841 emm
2396 2809 2470 2852 jain
2492 2811 2545 2843 'ri-

785 2838 937 2872 Lucefffl
971 2839 1166 2881 (mceftffl)
1207 2839 1277 2871 ¹00·
1511 2851 1675 2882 tiensibus
1698 2852 1922 2884 continentur.
1969 2853 2060 2893 (Liv.
2087 2855 2125 2891 l,
2160 2853 2227 2893 13.)
2252 2852 2295 2885 cs.
2318 2853 2480 2886 Huschke
2502 2855 2545 2886 de

1203 2893 1278 2924 300.
1514 2893 1614 2925 Serv.
1638 2893 1722 2926 Tull.
1746 2904 1778 2936 p.
1803 2894 1855 2927 42.

1966 2952 2021 2990 1.
