2720 3402
169 1132 304 1252 Qui
337 1193 396 1240 de
431 1192 663 1254 equitibus
696 1191 919 1239 Romanis
952 1191 1189 1255 copiosius
1222 1181 1557 1248 disseruerunt,
1589 1191 1848 1252 Eybenius,
1883 1189 2016 1253 cujus
2049 1190 2318 1238 dissertatio
2344 1192 2521 1249 inserta

168 1270 241 1310 est
273 1265 481 1311 thesauri
515 1264 855 1326 Sallengeriani
886 1265 989 1311 Vol.
1021 1265 1060 1311 I.
1095 1270 1143 1310 et
1174 1264 1455 1320 MuhlertuS,
1497 1262 1628 1325 cujus
1661 1264 1848 1310 libellus
1882 1264 2057 1324 aliquot
2089 1270 2194 1309 ante
2228 1279 2374 1311 annos
2407 1267 2519 1313 Hil-

167 1336 329 1395 desiae·
374 1337 572 1398 prodiit,
623 1352 783 1399 eorum
833 1338 951 1383 alter
999 1352 1061 1382 ex
1105 1337 1326 1381 analectis
1369 1336 1516 1397 patris
1559 1337 1632 1382 sui
1672 1337 1774 1382 ICti
1816 1337 2046 1396 quondam
2087 1336 2327 1397 Spirensis
2375 1340 2521 1386 multa

166 1408 353 1467 quidem
385 1425 478 1454 non
511 1409 697 1454 indocte
731 1409 927 1454 collecta
958 1408 1177 1471 protulit,
1228 1408 1311 1453 sed
1355 1424 1412 1452 ea
1453 1424 1603 1468 neque
1647 1408 1832 1464 ordine,
1881 1423 1972 1467 quo
2015 1409 2234 1463 decebat,
2282 1409 2520 1470 disposita,

166 1496 317 1541 neque
360 1480 444 1539 iis,
494 1496 611 1542 quae
654 1481 872 1539 deerant,
921 1487 1078 1538 aucta3
1128 1481 1247 1543 alter
1288 1496 1439 1541 neque
1484 1486 1700 1541 quantam
1740 1497 1840 1527 rem
1889 1481 2224 1542 aggrederetur
2271 1481 2521 1541 divinasse,

165 1568 316 1614 neque
359 1553 580 1616 temporis
625 1569 888 1617 operaeque
932 1554 1044 1600 satis
1087 1553 1373 1616 impendisse
1416 1559 1509 1599 tam
1552 1553 1798 1617 multiplici
1846 1552 2106 1614 quaestioni
2154 1554 2387 1615 putandus
2434 1564 2522 1603 est.

165 1627 309 1684 Mihi,
358 1641 616 1688 quanquam
664 1642 758 1673 non
809 1627 998 1689 ignoro,
1049 1626 1160 1689 quid
1211 1627 1299 1673 hac
1350 1626 1647 1687 quaestione,
1702 1641 1819 1688 quae
1869 1625 2115 1688 conjuncta
2157 1632 2231 1672 est
2281 1642 2384 1673 cum
2418 1629 2522 1675 uni-

166 1715 305 1744 versa
342 1700 627 1761 reipublicae
667 1700 905 1744 Romanae
949 1700 1168 1755 historia,
1218 1699 1519 1744 efficiendum
1561 1700 1728 1755 fuerit,
1776 1707 1932 1744 tamen
1974 1716 2030 1743 ea
2071 1699 2317 1760 quominus
2360 1703 2522 1747 effice—

165 1788 281 1827 rem,
316 1780 506 1833 praeter
536 1772 607 1819 rei
641 1772 967 1819 difficultatem
999 1772 1236 1818 confilium
1269 1788 1452 1832 quoque
1485 1770 1625 1832 hujus
1658 1771 1807 1818 libelli
1841 1772 2035 1818 obstitit.
2111 1773 2233 1817 Sunt
2274 1774 2397 1820 enim
2438 1776 2522 1820 ali-

166 1848 279 1904 quot
320 1842 453 1899 anni,
503 1859 564 1890 ex
606 1857 697 1904 quo
741 1843 800 1889 de
844 1844 985 1890 rebus
1017 1843 1242 1906 Augusti,
1293 1858 1409 1904 quae
1455 1848 1625 1905 quanta
1662 1842 1755 1889 sint
1788 1842 2071 1890 obscuritate
2104 1842 2337 1890 involutae
2371 1845 2520 1892 doctis

164 1922 325 1961 notum
358 1921 444 1970 est,
479 1916 798 1975 quaestionem
830 1912 1071 1975 suscipere
1111 1916 1260 1976 coepi,
1293 1915 1342 1959 in
1375 1929 1478 1974 qua,
1512 1929 1652 1974 quum
1688 1915 1898 1976 singulae
1932 1922 2088 1976 partes
2122 1931 2209 1977 per
2238 1930 2289 1959 se
2316 1923 2518 1963 tractan-

166 1987 253 2033 dae
297 2003 350 2033 ac
393 2003 535 2048 saepe
578 1988 637 2032 ad
678 1985 837 2047 priora
877 1993 1089 2047 tempora
1121 1988 1410 2032 redeundum
1443 1987 1710 2042 videretur,
1753 1994 1854 2032 orta
1896 1995 2004 2032 sunt
2048 1989 2232 2040 πάρεργα
2277 1990 2518 2046 quaedam,

164 2059 291 2105 inter
321 2075 438 2120 quae
471 2059 586 2105 haec
617 2065 692 2104 est
726 2060 786 2105 de
820 2058 1050 2118 equitibus
1088 2057 1309 2104 Romanis
1346 2057 1613 2118 disputatio.
1678 2059 1734 2103 In
1772 2074 1874 2117 qua,
1916 2059 1957 2103 si
1989 2073 2107 2117 quae
2143 2058 2349 2114 breviuS‚
2382 2077 2520 2121 quam

164 2148 252 2194 par
284 2139 370 2189 est,
402 2138 598 2178 tractata
630 2130 860 2187 invenies,
894 2145 1055 2176 eorum
1086 2136 1268 2191 partem
1302 2137 1349 2176 et
1381 2130 1451 2176 rei
1484 2128 1747 2175 difficultati
1783 2136 1831 2174 et
1863 2130 2034 2176 virium
2066 2145 2275 2177 mearum
2307 2131 2521 2181 imbecil-

165 2205 285 2250 litati
317 2203 535 2261 tribuito,
578 2204 799 2249 nonnulla
832 2202 1026 2249 consilio
1061 2208 1139 2248 aut
1172 2204 1311 2264 plane
1345 2201 1717 2264 praetermisisse
1751 2208 1831 2247 aut
1863 2201 1943 2247 alii
1976 2203 2241 2262 quaestioni
2272 2205 2521 2265 reliquisse

165 2294 240 2323 me
273 2282 521 2323 memento.
595 2274 756 2321 Veluti
798 2290 961 2336 regum
995 2273 1308 2321 Romanorum
1352 2273 1616 2331 historiam,
1659 2289 1797 2334 quam
1838 2273 1923 2319 vix
1967 2275 2148 2336 magnis
2175 2273 2277 2338 jam
2310 2270 2542 2326 viderem⁴

168 2349 482 2395 voluminibus
525 2347 777 2404 contineri,
829 2363 963 2409 quam
1007 2347 1284 2403 brevissime
1318 2346 1422 2391 fieri
1454 2346 1630 2408 potuit,
1666 2345 1824 2408 attigi,
1857 2346 1907 2392 in
1940 2347 2112 2394 ceteris
2146 2365 2329 2411 quoque
2363 2350 2522 2413 conje-

166 2423 309 2468 cturis
344 2420 634 2483 conjecturas
666 2421 887 2465 refellere
922 2420 1183 2482 supersedi.
1232 2420 1489 2465 Nonnullas
1523 2419 1838 2479 quaestiones,
1872 2421 2138 2467 seculorum
2172 2423 2408 2469 erroribus
2435 2425 2522 2470 im-

165 2495 385 2557 plicatas,
427 2493 500 2538 his
548 2492 665 2555 ipsis
699 2493 874 2537 solutas
910 2491 1198 2555 temporibus
1231 2491 1411 2554 reperi,
1455 2490 1505 2536 in
1537 2490 1775 2536 nonnullis
1808 2493 1950 2537 rebus
1982 2492 2241 2541 tritissimis
2275 2496 2525 2543 commixta

168 2584 272 2613 cum
305 2567 432 2611 veris
465 2567 584 2611 falsa
612 2566 916 2626 deprehendi.
980 2566 1100 2610 Tam
1131 2565 1339 2610 breviter
1370 2565 1427 2608 de
1451 2563 1562 2620 illis,
1596 2579 1734 2625 quam
1756 2565 1990 2627 explicate
2021 2567 2081 2611 de
2102 2568 2176 2613 his
2197 2583 2524 2630 nonnunquam

167 2641 413 2686 dicendum
444 2646 572 2685 ratus
606 2653 722 2694 sum,
755 2637 804 2683 in
838 2653 927 2700 quo
961 2639 1099 2685 doleo
1131 2654 1205 2684 me
1239 2637 1443 2682 caruisse
1476 2636 1685 2699 Zumptii
1718 2637 2064 2698 dissertatione,
2097 2656 2228 2702 quae,
2261 2640 2311 2687 iu
2343 2642 2526 2690 Acade-

168 2714 261 2759 mia
291 2712 421 2773 regia
452 2711 752 2757 Berolinensi
782 2726 933 2771 nuper
965 2712 1101 2768 lecta,
1134 2712 1294 2764 lucem,
1329 2710 1452 2769 quod
1485 2710 1643 2764 sciam,
1676 2705 1788 2755 non‘
1803 2710 1937 2755 vidit.

1944 2893 1962 2930 1
