2720 3402
2459 129 2542 180 25

179 271 472 319 AVGVSTI
518 273 574 319 F.
625 274 758 320 COS.
808 274 1021 323 DESIG.
1071 276 1282 322 PRINC.
1331 275 1594 322 IVVENT.
1679 275 1844 336 Neque
1893 292 1920 321 a
1969 281 2232 321 ceterorum
2279 274 2541 337 principum

178 344 377 391 nummis
411 347 578 392 absunt
611 354 690 393 aut
722 364 864 408 eques
899 355 977 395 aut
1010 351 1173 405 hasta,
1200 348 1314 394 satis
1346 347 1629 402 indicantes,
1668 348 1726 393 ad
1758 365 1903 408 equos
1937 363 2057 407 equo
2091 364 2138 408 p.
2172 346 2433 408 principem
2466 348 2539 394 iu-

178 417 383 464 ventutis
416 417 679 480 pertinere,
697 419 755 481 ⁹¹)
802 426 853 467 ut
885 420 1003 467 illud
1036 435 1397 467 commemorare
1432 434 1828 481 supervacaneum
1861 436 2010 481 paene
2043 419 2282 475 videatur,
2324 419 2539 477 Dionem,

178 504 318 551 quum
351 496 399 537 et
432 490 671 537 Tiberium
686 527 697 549 ,
739 492 881 539 Drusi
915 492 1110 540 iunioris
1144 491 1291 538 filium
1325 503 1391 554 τῆς
1417 500 1596 553 νεότητος
1621 502 1895 555 προκριθέντα
1926 492 2158 554 appellet,
2183 491 2244 553 99)
2279 498 2329 538 et
2359 491 2539 540 Diadu-

178 564 440 608 menianum
475 572 688 627 πρόκριων
713 578 778 628 τῆς
802 566 1061 629 νεόιηως,99)
1095 566 1188 611 alio
1221 565 1326 609 loco
1360 563 1527 608 eodem
1559 579 1701 608 sensu
1726 564 1791 608 M.
1808 564 2064 622 Aurelium,
2098 565 2247 611 adhuc
2271 566 2538 623 Caesarem,

178 636 334 681 dicere
367 644 582 696 πρόκριτοι)
609 651 674 697 τῆς
700 646 890 693 ἱππάδος.
911 640 971 698 ⁹⁴)

383 707 536 767 Atque
570 708 659 754 hoc
692 709 891 769 quidem,
925 710 1048 771 quod
1081 708 1365 771 argumentis
1398 706 1551 755 allatis
1585 706 1871 763 confirmavi,
1906 724 1967 755 ex
1999 707 2313 755 iuventutis
2346 710 2536 757 nomine

178 779 279 825 solo
313 778 470 841 colligi
502 779 679 842 potuit:
713 782 835 843 quod
868 798 927 829 ex
959 780 1262 845 principis
1296 778 1483 828 nomine
1526 778 1584 826 de
1598 777 1646 825 vi
1679 784 1728 826 et
1760 778 2099 842 significatione
2133 780 2256 828 tituli
2288 781 2389 829 eius
2423 800 2535 830 con-

177 852 411 908 iiciamuS,
461 853 647 899 omnino
690 854 805 900 nihil
844 857 1079 902 habemus.
1152 855 1272 900 Nam
1315 853 1439 914 quod
1482 852 1753 898 existimare
1797 853 2020 912 quosdam
2063 853 2226 910 video,
2275 854 2533 916 principem

177 923 434 970 iuventutis
476 924 568 971 iam
613 932 718 971 ante
763 927 876 972 haec
917 935 1127 989 tempora
1168 927 1452 987 appellatum
1487 940 1593 970 eum
1628 924 1800 979 fuisse,
1845 924 1924 983 qui
1956 924 2005 969 in
2039 925 2145 970 albo
2178 925 2382 984 equitum
2416 944 2535 988 equo

176 995 364 1056 publico
397 1012 424 1042 a
456 1012 650 1042 censore
684 997 861 1058 primus
894 1007 1021 1045 esset
1053 998 1269 1060 scriptuS,
1302 998 1367 1044 ita
1393 1004 1444 1043 ut
1475 996 1584 1042 huic
1616 996 1768 1052 titulo,
1801 1004 1854 1041 ut
1878 996 2108 1058 principis
2142 1004 2346 1052 senatus,
2380 1005 2535 1045 certus

177 1068 327 1113 honor
350 1068 610 1128 inesset,⁰⁵)
643 1069 691 1115 id
720 1085 869 1129 neque
901 1087 988 1132 per
1020 1086 1071 1116 se
1106 1077 1180 1116 est
1210 1070 1347 1116 valde
1380 1068 1637 1131 probabile,
1670 1082 1808 1128 quum
1835 1069 1975 1130 plane
2009 1068 2101 1114 alia
2132 1069 2253 1115 ratio
2282 1069 2344 1114 sit.
2372 1070 2536 1117 horum

177 1140 397 1200 equitum,
431 1140 618 1187 militari
653 1141 815 1188 ordine
848 1142 1081 1189 turmatim
1114 1141 1282 1188 seviris
1315 1141 1509 1186 ducibus
1541 1139 1880 1197 incedentium,
1918 1147 2295 1202 senatorumque,
2329 1141 2377 1187 in
2411 1143 2539 1189 curia

177 1213 454 1258 sententiam
488 1214 762 1271 ferentium,
806 1222 854 1260 et
886 1216 1059 1260 dudum
1101 1214 1352 1260 refutatum
1394 1219 1467 1259 est
1508 1220 1635 1259 certo
1669 1212 2032 1274 argumento.⁹⁰)
2098 1214 2246 1259 Immo
2279 1215 2536 1276 Augustus,

177 1291 228 1330 ut
253 1284 356 1346 ipse
391 1292 598 1343 „cuncta,
632 1286 876 1334 discordiis
903 1286 1118 1333 civilibus
1152 1286 1292 1343 fessa,
1325 1284 1510 1332 nomine
1543 1284 1769 1347 principis
1803 1286 1888 1330 sub
1922 1285 2168 1346 imperium
2203 1286 2431 1347 accepit“,
2468 1289 2536 1335 sic

176 1358 383 1405 subsidia
424 1358 725 1405 dominationi
767 1360 950 1422 genitos
982 1359 1192 1422 Agrippa
1225 1358 1387 1405 Caium
1429 1364 1476 1405 et
1507 1357 1729 1414 Lucium,
1773 1372 1890 1417 quos
1933 1357 1981 1404 in
2024 1359 2243 1406 familiam
2280 1360 2533 1408 Caesarum

177 1430 374 1486 induxit,
408 1431 641 1486 „nondum
670 1432 825 1492 posita
855 1431 1026 1497 puerili
1059 1437 1305 1492 praetexta
1337 1429 1575 1492 principes
1609 1429 1866 1474 iuventutis
1894 1430 2137 1491 appellari,
2170 1431 2394 1477 destinari
2421 1448 2533 1479 con-

177 1503 303 1548 sules
337 1502 494 1564 specie
526 1502 784 1549 recusantis
817 1503 1172 1565 flagrantissime
1206 1502 1493 1564 cupiverat,“
1512 1501 1572 1562 ⁰⁷)
1607 1503 1663 1547 ab
1697 1518 1846 1561 eoque
1879 1501 2002 1548 inter
2034 1510 2233 1558 ceteros,
2269 1519 2386 1562 quos
2420 1506 2535 1551 haec

176 1581 302 1620 aetas
336 1574 466 1631 tulit,
508 1576 668 1620 titulos
701 1574 777 1620 hic
809 1582 883 1620 est
915 1575 1231 1637 excogitatus,
1274 1590 1391 1633 quo,
1434 1589 1574 1633 quum
1606 1572 1710 1634 ipse
1743 1574 1948 1618 mascula
1979 1574 2114 1634 prole
2148 1581 2354 1631 careret,
2397 1592 2536 1635 quem

176 1661 493 1692 successorem
525 1646 710 1709 imperii
744 1646 990 1708 elegisset,
1025 1652 1224 1693 ornaret.
1246 1645 1305 1706 99)
1370 1645 1487 1692 Inde
1521 1649 1607 1700 est,
1642 1644 1765 1704 quod
1799 1645 1856 1690 ab
1890 1643 2063 1691 ovidio
2098 1644 2239 1691 Caius
2272 1648 2536 1708 appellatur

176 1733 297 1775 nunc
329 1719 549 1764 iuvenum
581 1719 814 1780 princeps,
848 1719 1018 1765 deinde
1053 1720 1209 1765 future
1244 1732 1420 1764 senum.
1439 1716 1499 1778 99)
1564 1717 1629 1763 Et
1661 1731 1919 1776 quanquam
1952 1716 2144 1764 dubium
2176 1732 2271 1764 non
2304 1726 2390 1776 est,
2424 1720 2534 1781 quin

178 1900 222 1941 Μ)
246 1897 362 1942 Typos
394 1910 428 1931 v.
462 1911 516 1943 ap.
545 1899 685 1931 Eckhel.
718 1898 795 1931 vm
825 1910 856 1941 p.
886 1900 959 1933 376.
1018 1896 1110 1931 Quid
1142 1895 1240 1929 hasta
1275 1904 1308 1929 et
1435 1901 1464 1938 l,
1488 1898 1541 1930 52.
1588 1898 1626 1930 C.
1650 1897 1864 1938 Mustius,
1887 1899 2161 1931 adolescens
2185 1899 2465 1935 clarissimus
2489 1909 2531 1935 et

216 1953 337 1986 parma
359 1942 404 1976 ad
428 1944 555 1986 equites
577 1944 789 1986 pertinerent,
817 1942 905 1975 idem
929 1940 1085 1983 exposuit
1108 1939 1155 1971 v}
1201 1966 1208 1972 .
1235 1941 1307 1977 169.
1432 1943 1639 1983 princeps
1663 1942 1926 1974 iuventutis
1961 1942 2124 1975 Similiter
2146 1944 2374 1985 principes
2398 1955 2529 1986 eque·

220 1986 261 2015 ‘'f-
293 1996 394 2027 supra
426 1987 451 2027 §-
481 1988 502 2018 2
534 1992 601 2017 not.
632 1987 683 2017 38.
729 1986 839 2016 Etiam
867 1985 917 2016 M.
948 1983 1064 2024 Oppio
1096 1982 1146 2013 Μ.
1171 1951 1207 2014 fl
1231 1984 1305 2014 Vel.
1431 1985 1537 2015 stris
1560 1984 1733 2014 ordinis
1756 1984 1968 2024 appellantur
1992 1984 2128 2022 Lamia,
2153 1985 2246 2025 (Cic.
2271 1986 2356 2017 sam.
2384 1986 2433 2025 ll,
2461 1987 2528 2029 16)

218 2027 436 2069 Secundioni,
453 2039 540 2074 equo
560 2028 704 2074 publico,
719 2047 764 2054 —
778 2048 814 2054 —
835 2037 991 2061 coronam
1007 2034 1154 2064 auream,
1174 2023 1305 2059 hastam
1431 2024 1469 2059 C.
1494 2025 1625 2067 Curius,
1649 2026 1715 2070 (pr.
1740 2025 1852 2059 Rabir.
1877 2025 1914 2070 2)
1938 2025 2096 2068 Plancus,
2120 2028 2194 2072 (pr.
2209 2027 2338 2061 Planco
2365 2031 2429 2072 M)
2454 2042 2528 2065 non

218 2084 335 2114 puram
360 2073 464 2106 donat
486 2074 583 2116 plebs
610 2074 764 2106 coloniae
788 2074 895 2105 Aesis.
940 2071 1031 2104 Doni
1054 2080 1085 2111 p.
1111 2070 1173 2103 155
1196 2081 1228 2101 n.
1254 2070 1282 2102 l.
1430 2071 1498 2102 alio
1522 2081 1643 2109 sensu,
1667 2076 1768 2111 atque
1796 2072 1990 2102 trecenti
2015 2072 2243 2113 principes
2274 2073 2528 2107 iuventutis

176 2127 221 2167 ⁹²)
245 2125 312 2159 ⁰³⁰
336 2126 391 2166 ⁵⁹⁹
414 2126 446 2159 ⁸·
1430 2113 1731 2188 lizss'lsszssssstl’.
1747 2112 1835 2186 ffii‘vis
1855 2112 1977 2188 ²1⁹3¹3'
2023 2113 2249 2189 ¹‚’.‘.‘:z}¹’22
2273 2115 2528 2192 {3{{:‡¹¹1³⁸

175 2181 220 2222 ⁹³)
244 2179 289 2242 111·
314 2181 367 2222 78,
392 2179 442 2243 Ῑῖ·
1430 2180 1810 2242 Syracusanorum
1837 2180 1892 2231 9ἰΙ).
1916 2180 1986 2238 ³26,
2015 2167 2076 2233 ¹30.
2137 2168 2370 2243 ogtoginta
2411 2170 2528 2244 pei:

176 2235 220 2274 1η)
245 2235 289 2265 '‘¹-
313 2235 365 2273 71,
389 2234 441 2265 3⁰·
1430 2243 1554 2283 cipes
1590 2242 1843 2273 iuventutis
1877 2242 2335 2276 Lacedaemoni-orum
2374 2245 2439 2281 34,
2476 2246 2527 2278 27.

176 2288 220 2330 ⁰⁵)
245 2297 276 2320 v.
301 2296 343 2320 ne
367 2286 489 2321 multos
512 2284 667 2329 afferam,
695 2285 878 2322 Graevium
900 2283 943 2319 ad
967 2283 1035 2319 Cic.
1060 2294 1110 2328 pr.
1134 2282 1229 2319 Sulla
1254 2283 1302 2318 12.
1430 2284 1623 2327 equites,
1656 2284 1884 2327 principes
1914 2284 2165 2320 iuventutis
2187 2286 2232 2321 ib.
2257 2286 2318 2328 42,
2349 2287 2404 2323 61.
2429 2302 2527 2333 quem

216 2331 296 2363 Ern.
310 2331 341 2362 in
368 2331 453 2362 clavi
478 2342 504 2362 s.
519 2341 552 2362 v.
572 2331 742 2372 princeps,
765 2341 849 2371 quos
869 2340 943 2361 cum
966 2328 1135 2370 plerisque
1157 2328 1304 2367 sequitur
1427 2329 1537 2359 locum
1560 2329 1705 2360 imitmus
1729 2333 1779 2359 est
1804 2328 1940 2359 Curtius
1961 2329 2004 2367 6,
2026 2329 2058 2360 9.
2104 2331 2348 2371 principes
2379 2333 2527 2373 plebis

217 2372 366 2407 Mublert
389 2383 419 2416 p.
444 2372 508 2414 23,
532 2373 589 2417 qui
611 2372 705 2407 affert
729 2372 838 2407 locum
863 2372 951 2407 Plin.
977 2371 1014 2412 l,
1037 2370 1098 2412 59,
1131 2369 1211 2404 nihil
1235 2379 1302 2403 om·
1427 2370 1502 2405 Liv.
1527 2374 1559 2412 4,
1583 2372 1636 2406 ⁶25.
1671 2370 1901 2414 principes
1929 2371 2142 2407 civitatis
2166 2386 2222 2417 ap.
2249 2374 2319 2408 Cic.
2343 2373 2432 2409 Phil.
2449 2376 2480 2416 8,
2496 2379 2525 2411 6.

215 2418 293 2448 nino
317 2418 524 2458 probantem.
1426 2417 1459 2453 8,
1484 2415 1513 2446 7.
1558 2417 1590 2452 8,
1617 2414 1665 2446 10.
1714 2416 1765 2452 14,
1790 2416 1820 2446 7.

175 2471 220 2514 ¹³⁰)
245 2469 312 2504 Cic.
342 2480 392 2514 pr.
425 2467 520 2502 Sulla
555 2466 668 2502 121..
697 2466 900 2511 Torquatum
931 2466 1079 2511 appellat
1108 2465 1302 2510 principem,
1385 2474 1428 2514 οῖ)
1453 2470 1531 2505 Tae,
1554 2472 1640 2505 An„¹
1668 2470 1697 2512 1,
1721 2470 1752 2504 3,

215 2519 407 2552 auctorem,
442 2513 647 2550 adiutorem,
680 2512 872 2553 signiferum
906 2512 1105 2544 iuventutis:
1140 2510 1183 2541 ad
1214 2520 1245 2551 q.
1280 2509 1299 2540 l.
1385 2532 1430 2572 νῆ)
1453 2532 1545 2562 Suet.
1571 2530 1676 2572 cang-
1703 2530 1753 2562 ¹5·
1799 2530 2007 2561 Fratrem
2030 2531 2252 2564 Tiberium
2281 2533 2350 2564 die
2375 2534 2525 2566 §.mus

216 2561 334 2589 contra
357 2556 538 2589 Graevium
568 2559 724 2587 accurate
751 2554 959 2587 demonstrat
984 2552 1203 2591 Gai-alonius,
1234 2561 1301 2584 non

216 2601 294 2633 ideo
317 2602 363 2633 ita
385 2600 451 2632 dici
473 2598 523 2632 To
564 2602 696 2637 uatum,
731 2598 809 2638 quia
832 2598 958 2639 primus
979 2609 1000 2630 a
1024 2597 1173 2630 Censore
1194 2595 1300 2627 lectus

216 2643 323 2674 suerit.
359 2642 495 2685 Quippe
518 2652 538 2673 a
584 2640 673 2672 idem
697 2645 829 2682 tempus
852 2640 1036 2682 pertinere,
1059 2639 1148 2682 quod
1168 2637 1237 2670 Cic.
1257 2638 1300 2669 ad

215 2686 284 2719 Au.
316 2687 355 2726 2,
388 2685 402 2718 l
435 2684 576 2719 eandem
606 2682 863 2727 appellationem
894 2682 1019 2717 tribuat
1051 2683 1183 2722 Attico,
1217 2680 1299 2714 ‹luos

215 2735 327 2761 autem
351 2729 416 2760 hoc
439 2739 539 2761 sensu
563 2727 729 2769 principes
751 2726 932 2757 iuventutis
954 2737 1031 2757 esse
1054 2733 1132 2758 non*
1188 2725 1298 2756 tuisse.

215 2773 257 2806 cf.
287 2773 378 2817 Lips.
409 2771 452 2805 de
482 2782 535 2805 ma
559 2781 590 2804 n.
621 2768 718 2803 Rom.
742 2769 780 2810 4,
812 2771 842 2804 2.
876 2778 907 2812 p.
939 2770 1003 2803 454
1028 2768 1082 2802 ed.
1106 2768 1164 2802 l'o.
1210 2766 1298 2801 ldem

215 2817 427 2850 indicandum
450 2821 502 2849 est
548 2826 567 2848 e
589 2814 711 2847 ceteris
728 2813 900 2846 Ciceronis
922 2813 1017 2851 locis,
1042 2819 1074 2844 ut
1101 2812 1178 2845 sam.
1201 2812 1233 2851 3,
1259 2813 1294 2845 ll

214 2860 245 2899 3,
269 2859 463 2894 ubiBrutus
481 2858 600 2891 dicitur
619 2857 830 2901 princeps
852 2856 933 2889 iam
957 2855 1123 2898 pridem
1146 2856 1296 2888 iuven-
1510 2896 1519 2904 ·
1640 2882 1642 2885 ,

212 2904 338 2943 tutis,
363 2904 592 2942 celeriter,
625 2906 668 2934 ut
691 2911 847 2944 spero,
884 2900 1100 2932 civitatis.
1146 2899 1242 2932 Verr.
1266 2897 1297 2937 2,
1381 2895 1619 2939 ⁹⁹)0v1d.A.
1645 2908 1711 2929 am.
1740 2900 1768 2937 1,
1797 2898 1867 2932 194.

1920 2956 1994 2995 10“

1425 2578 1557 2617 togae
1595 2572 1849 2617 adoptavit,
1893 2573 2234 2618 appellavitque
2279 2576 2523 2619 principem

1424 2617 1646 2647 iuventuti
1658 2627 1683 2647 s.
1718 2616 1754 2647 ln
1776 2616 1910 2647 Pisanis
1935 2617 2058 2649 tabulis
2080 2618 2205 2649 Lucius
2229 2620 2385 2660 princeps
2409 2620 2524 2652 iuven-

1421 2658 1503 2691 tutis
1527 2658 1737 2702 appellatur3
1763 2658 1847 2692 Caio
1871 2659 1904 2691 in
1926 2659 2037 2693 altero
2058 2660 2260 2704 cenotaphio
2280 2670 2346 2694 non
2371 2661 2458 2695 idem
2484 2664 2522 2696 ti-

1424 2703 1511 2734 tulus
1533 2703 1703 2741 defertur,
1728 2702 1789 2735 sed
1812 2710 2064 2744 conqueruntur
2087 2705 2201 2737 Pisani
2227 2705 2523 2741 „crudelibus

1424 2744 1530 2776 satis
1560 2750 1757 2787 ereptum
1790 2745 1954 2788 populo
1979 2746 2171 2779 Romano
2203 2747 2282 2778 iam
2315 2747 2522 2791 ‹les-igna-

1425 2794 1508 2820 tum
1541 2788 1836 2821 iustissimum
1866 2801 1914 2821 ac
1945 2790 2212 2823 simillimum
2247 2793 2422 2833 parenti
2457 2795 2522 2826 sui

1422 2831 1669 2864 virtutibus
1693 2833 1980 2875 principem“.
