2720 3402
160 263 446 330 publicanis,
488 263 547 311 ad
579 277 693 322 quos
726 258 828 306 sine
872 257 1014 306 dubio
1058 257 1151 321 ipsi
1192 274 1405 320 magnam
1448 267 1628 323 partem
1660 259 1982 323 pertinebant=
2023 260 2214 319 tertium
2246 269 2513 312 senatorum

162 338 501 396 nobiliumque,
543 348 658 393 quos
689 330 929 395 principes
971 329 1175 376 civitatis
1207 332 1443 393 appellat,
1487 333 1567 393 qui
1599 334 1687 379 soli
1719 332 1811 379 dici
1854 338 2053 396 possunt
2094 339 2277 382 vestem
2319 343 2514 393 mutare,

163 411 485 471 faciebantque
518 422 619 452 cum
653 403 925 451 censoribus
958 410 1121 449 contra
1151 403 1442 466 publicanos.
1505 405 1577 454 Hi
1610 423 1771 468 quum,
1804 411 1857 452 ut
1888 421 2032 469 supra
2064 405 2202 453 docui
2227 405 2309 469 ¹⁰⁸)
2342 414 2391 454 et
2422 409 2515 474 ipsi

162 485 212 530 in
245 481 464 529 centuriis
496 479 704 539 equitum
738 484 922 534 essent,
972 493 1034 523 ex
1066 477 1313 524 duodecim
1347 478 1574 524 centuriis
1618 487 1771 526 autem
1811 479 2012 526 maxims
2052 495 2163 541 pars
2195 478 2315 542 ipsis
2348 481 2518 529 adver-

165 563 368 609 saretur,
410 551 501 598 nisi
535 551 726 613 egregie
759 551 945 607 fallor‚-
971 550 1019 596 in
1052 550 1247 612 reliquis
1279 549 1373 596 illis
1407 551 1633 598 centuriis
1677 552 1823 599 fuisse
1864 551 2060 614 putandi
2102 557 2237 610 suut,
2280 567 2398 613 quae
2431 570 2519 601 sex
2550 608 2553 610 ,

165 627 382 687 suffragia
413 624 737 685 appellantur,
781 622 1085 686 praesertim,
1135 638 1275 685 quum
1307 628 1356 668 et
1392 623 1670 684 discrimen,
1712 624 1836 686 quod
1868 625 1926 689 ab
1957 622 2092 670 initio
2124 623 2250 672 inter
2290 625 2375 671 has
2407 625 2521 672 reli-

165 713 365 761 quasque
396 697 635 742 centurias
667 697 772 752 fuit,
806 711 952 757 usque
982 696 1039 741 ad
1064 703 1278 742 extrema
1305 702 1520 756 tempora
1545 697 1832 759 reipublicae
1857 696 2031 742 liberae
2055 696 2106 742 in
2132 696 2332 743 comitiis
2358 704 2521 744 centu-

162 771 292 817 riatis
325 775 564 815 servatum
599 769 683 824 sit,
717 784 868 828 neque
902 767 1105 813 alienum
1138 767 1200 812 sit
1231 782 1260 812 a
1291 782 1433 823 vero,
1465 767 1675 825 nobiles,
1706 776 1760 814 ut
1790 774 1946 816 cetera
1975 768 2276 831 patriciorum
2309 775 2522 816 veterum

161 841 411 904 privilegia
452 842 662 903 arripere
706 842 1007 895 studuerunt,
1051 839 1119 885 sic
1159 839 1422 902 principem
1463 840 1587 887 hunc
1628 840 1679 889 in
1720 841 1922 889 comitiis
1968 841 2120 888 locum
2145 841 2228 902 ¹⁹⁰)
2268 841 2361 887 sibi
2400 842 2519 904 ipsis

162 913 442 963 vindicasse.

1060 1124 1133 1193 1·
1151 1123 1190 1194 1
1205 1122 1272 1194 b
1293 1135 1349 1193 Θ
1364 1135 1418 1194 1·
1485 1123 1613 1195 11-

681 1229 749 1297 A
792 1228 867 1296 O.
912 1229 1205 1296 Graccho
1248 1249 1455 1315 usque
1493 1227 1580 1294 ad
1621 1229 2012 1315 Augustum.

1177 1466 1232 1519 G
1248 1479 1294 1518 a
1310 1480 1373 1529 p.
1447 1465 1507 1517 Ι.

594 1543 742 1614 Ordo
797 1565 1047 1629 equester
1101 1562 1167 1612 ab
1223 1563 1408 1612 ordine
1464 1562 1733 1612 senatorio
1789 1566 2088 1629 separatus·

167 1662 351 1726 Trium
385 1679 490 1724 fere
524 1678 788 1724 semiorum
822 1676 989 1738 spatio,
1021 1677 1148 1737 quod
1179 1676 1303 1722 inter
1327 1676 1553 1722 Veiorum
1587 1675 1981 1737 oppugnationem
2012 1683 2063 1723 et
2088 1677 2406 1725 Gracchorum
2439 1695 2520 1726 ae-

165 1759 309 1798 tatem
341 1751 611 1805 interiacet,
654 1748 855 1811 primum
896 1748 1124 1795 institutis
1166 1747 1364 1810 privatis
1408 1747 1656 1808 stipendiis
1695 1749 2028 1807 equestribus.
2060 1756 2158 1795 tum
2202 1752 2520 1798 crescentibus

119 1862 122 1865 .
164 1825 518 1887 publicanorum
558 1821 754 1882 opibus,
799 1821 968 1867 deinde
1013 1820 1160 1866 auctis
1193 1819 1276 1876 iis,
1319 1819 1398 1880 qui
1439 1819 1573 1879 equis
1612 1818 1812 1881 privatis
1854 1829 2111 1879 mererent,
2152 1836 2296 1884 quum
2338 1824 2520 1884 equites

163 1911 283 1954 equo
316 1912 364 1956 p.
398 1895 567 1940 eodem
598 1909 788 1955 semper
820 1908 1014 1938 numero
1048 1900 1221 1948 essent,
1259 1891 1459 1950 denique
1492 1887 1858 1951 provincialibus
1889 1892 2243 1953 publicanorum
2275 1895 2519 1956 magistra-

159 1974 384 2026 tuumque
429 1964 677 2012 discordiis
722 1965 894 2011 factum
925 1971 1051 2021 erat,
1099 1971 1153 2010 ut
1184 1969 1236 2010 et
1276 1962 1570 2025 negotiorum
1612 1961 1838 2010 societate
1879 1971 1929 2011 et
1971 1964 2201 2011 communi
2244 1965 2293 2012 in
2337 1967 2521 2014 nobiles

161 2040 269 2087 odio
300 2038 485 2099 equites
519 2037 645 2085 inter
675 2053 727 2083 se
763 2037 1167 2098 coniungerentur,
1206 2052 1233 2082 a
1265 2043 1429 2082 senatu
1461 2041 1632 2092 autem,
1666 2051 1693 2081 a
1726 2050 1816 2097 quo
1850 2037 1907 2083 ab
1939 2036 2091 2084 initio·
2112 2046 2271 2087 contra
2310 2039 2522 2100 plebeios

163 2117 401 2166 steterant,
435 2115 775 2157 averterentur.
840 2109 1095 2154 Distractio
1128 2109 1330 2171 partium
1364 2115 1519 2154 autem
1551 2108 1765 2170 perfecta
1797 2116 1871 2154 est
1903 2110 2083 2155 duabus
2115 2111 2411 2171 potissimum
2442 2128 2519 2158 re-

164 2184 275 2238 buS‚
320 2189 589 2227 senatorum
621 2198 649 2226 e
681 2181 908 2228 centuriis
937 2182 1148 2241 equitum
1177 2180 1455 2227 exclusione
1489 2186 1538 2226 et
1571 2180 1623 2225 G.
1658 2178 1863 2227 Graoehi
1894 2182 2001 2242 lege
2033 2179 2287 2228 iudiciaria.

373 2253 412 2299 1.
445 2253 707 2300 Laudatum
741 2260 813 2298 est
846 2268 989 2315 supra
1023 2253 1334 2314 fragmentum
1366 2251 1608 2297 Ciceronis
1641 2250 1749 2297 libri
1777 2251 1835 2298 de
1861 2252 2103 2315 republica
2128 2254 2303 2314 quarti:
2333 2256 2520 2318 „Quam

161 2325 405 2370 commode
436 2325 627 2370 ordines
660 2325 882 2386 desripti,
910 2331 1116 2380 aetates,
1151 2325 1341 2379 classes,
1376 2322 1635 2383 equitatus,
1667 2322 1716 2367 in
1749 2337 1840 2382 quo
1875 2323 2098 2386 suffragia
2129 2325 2267 2372 etiam
2300 2335 2409 2374 sunt
2442 2346 2519 2375 se-

162 2404 327 2443 natus:
360 2396 498 2440 nimis
531 2394 689 2440 multis
722 2396 812 2439 iam
846 2397 987 2441 stulte
1021 2398 1140 2442 hanc
1171 2395 1421 2440 utilitatem
1453 2394 1559 2440 tolli
1586 2393 1894 2454 cupientibus,
1925 2396 2004 2454 qui
2031 2412 2199 2443 novam
2225 2398 2518 2459 largitionem

158 2473 393 2531 quaerunt
436 2466 588 2527 aliquo
630 2465 877 2528 plebiscito
919 2466 1266 2515 reddendorum
1306 2481 1532 2527 equorum
1542 2468 1589 2510 ⁴⁴.
1653 2465 1787 2527 Quae
1821 2464 2106 2515 Niebuhrius
2145 2468 2287 2517 Hist:
2309 2470 2444 2518 Rom.
2477 2471 2517 2528 1,

158 2558 205 2605 p.
236 2537 334 2588 487
367 2539 441 2587 ed.
476 2545 582 2585 tert.
611 2538 805 2600 egregie
840 2538 1166 2586 animadvertit
1198 2539 1265 2586 ita
1295 2539 1384 2584 sub
1417 2552 1623 2600 persona
1653 2537 1862 2585 Africani
1893 2540 2123 2602 proferri,
2170 2548 2223 2589 ut
2253 2558 2357 2600 res,
2398 2559 2517 2606 quae

156 2614 232 2658 hic
263 2627 292 2657 a
325 2610 565 2659 nonnullis
597 2609 769 2657 tentari
802 2609 986 2664 dicitur,
1017 2611 1174 2671 paullo
1200 2618 1311 2674 post
1341 2611 1464 2658 facta
1496 2624 1603 2655 esse
1636 2609 1789 2671 putari
1823 2608 2005 2669 debeat,
2037 2612 2087 2659 id
2117 2620 2193 2661 est
2223 2613 2382 2678 paullo
2408 2623 2518 2680 post

160 2687 213 2731 C.
241 2683 576 2747 Sempronium
607 2688 660 2727 et
693 2682 766 2728 Μ’.
785 2681 1042 2744 Aquinium
1063 2682 1199 2730 Coss.
1235 2684 1297 2745 (a.
1329 2699 1374 2730 a.
1396 2683 1505 2729 chr,
1539 2697 1586 2727 n.
1624 2681 1748 2744 129),
1782 2691 1830 2730 et
1862 2684 1963 2731 eius
1996 2687 2267 2735 mutationis
2301 2688 2517 2736 instantis

162 2886 220 2923 Μ)
246 2891 278 2913 v.
303 2891 378 2922 cap.
405 2880 446 2916 ll.
467 2882 492 2925 5.
517 2882 547 2915 2.
1328 2877 1339 2920 l
1378 2879 1440 2919 ¹⁰⁸)
1464 2889 1498 2911 v,
1520 2883 1588 2910 not.
1613 2880 1664 2912 21.
1689 2879 1730 2912 cf.
1751 2880 1774 2912 1.
1800 2879 1837 2912 n.
1863 2891 1938 2925 cap.
1966 2884 2003 2923 1,
2026 2883 2054 2926 5.
2079 2885 2109 2918 l.
