2720 3402
2407 111 2495 184 ιε’

148 261 399 309 Marsicum
440 270 488 311 et
528 265 898 336 crudelissimum
939 265 1063 314 inter
1103 265 1281 314 Sullam
1323 266 1614 328 Mariumque
1657 265 1833 312 bellum
1855 263 1915 326 ⁶³)
1964 269 2039 310 est
2080 267 2317 318 exortum,
2367 269 2415 309 et
2446 261 2496 308 in

149 333 362 381 omnibus
388 336 462 382 his
488 339 795 386 seditionibus
821 354 874 385 ac
898 339 1037 385 bellis
1070 355 1096 386 a
1127 339 1279 402 plebis
1311 340 1522 402 partibus
1556 346 1717 386 contra
1749 337 1997 399 optimates
2031 342 2265 383 steterunt
2296 335 2493 395 equites.

149 405 330 468 Quibus
363 415 517 456 autem
551 410 726 457 caussis
760 411 1015 473 quibusque
1048 410 1304 458 rationibus
1337 413 1510 457 factum
1541 411 1618 466 sit,
1650 417 1703 455 ut
1727 417 1821 455 tam
1853 410 2018 471 ingens
2043 407 2276 454 incideret
2301 407 2494 453 mutatio

148 478 348 523 omnium
381 495 537 525 rerum
550 517 562 539 ,
600 498 627 527 a
658 484 786 529 nullo
820 483 1099 545 scriptorum
1131 490 1346 538 veterum
1378 498 1473 527 non
1504 482 1643 526 modo
1677 488 1889 526 accurate
1922 482 2200 541 explicatur,
2234 480 2320 524 sed
2353 494 2412 524 ne
2444 480 2494 524 in

146 551 344 596 transitu
387 551 573 611 quidem
613 554 875 615 leviterque
918 554 1184 615 attingitur,
1233 561 1282 600 et
1323 555 1383 599 de
1406 559 1649 612 'quattuor
1690 554 1953 597 seculorum
1994 552 2217 597 memoria
2260 551 2497 598 uberrima

144 621 228 668 vix
259 638 408 684 pauca
439 624 562 670 vesti
596 624 639 671 ‘a
669 632 871 682 restant,
920 643 982 673 ex
1013 626 1179 688 quibus
1212 627 1271 672 de
1304 623 1513 685 equitum
1544 622 1742 669 historia
1783 619 2097 683 conjecturam
2137 624 2293 670 facere
2337 622 2493 669 liceat.

345 694 390 740 2.
423 695 494 742 Pe
595 695 597 698 ’
665 697 842 744 ιιίιιίιιιιι
859 698 1089 754 Priscum,
1123 704 1176 744 ut
1207 712 1351 757 supra
1384 695 1602 751 vidimus,
1636 695 1695 758 ad
1727 694 1854 740 mille
1889 695 2115 740 ducentos
2149 695 2269 741 aucti
2303 697 2493 742 fuerant

98 767 104 771 ’
142 764 345 826 equites3
393 782 505 815 eran
539 804 542 812 1
623 774 701 816 tur
731 769 780 816 in
814 769 1009 832 singulis
1027 768 1266 815 'centuriis
1301 766 1485 827 duceni.
1551 765 1692 829 Quod
1733 765 1774 809 si
1817 766 1982 810 eadem
2024 780 2182 810 earum
2223 767 2341 811 ratio
2385 766 2491 822 fuit,

145 853 262 898 quae
297 855 323 884 a
355 840 528 894 Swio
555 840 717 887 Tullio
749 843 989 888 institutae
1022 849 1153 898 sunt,
1173 833 1434 886 ¹duodecim
1466 840 1693 885 institutis
1725 838 1863 883 novis
1897 839 2134 893 centuriis,
2167 840 2492 885 universorum

145 912 351 971 equitum
392 925 613 983 numerus
656 915 850 960 effectus
895 922 968 961 est
1009 914 1100 962 tria
1131 914 1278 960 millia
1310 912 1546 978 sexcenti,
1590 911 1669 972 qui
1701 927 1924 958 numerus
1958 912 2160 958 fortasse
2193 927 2220 958 a
2252 929 2365 959 vero
2397 928 2491 962 non

141 981 206 1029 ita
238 983 376 1047 longe
601 987 731 1033 Nam
763 986 954 1032 Catonis
987 993 1199 1048 tempore
1233 986 1325 1032 duo
1357 991 1536 1032 tantum
1554 982 1716 1029 ‘millia
1747 983 1954 1044 equitum
1989 999 2109 1043 equo
2142 999 2188 1045 p.
2222 984 2372 1040 fuere,
2403 984 2491 1029 im-

140 1056 316 1102 minuto
345 986 871 1191 &aerarii
904 1060 1140 1118 angustias
1174 1074 1333 1104 aerum
1366 1056 1651 1117 equestrium
1683 1073 1893 1112 numero,
1928 1058 2015 1102 sub
2041 1057 2257 1117 Augusto
2291 1056 2492 1116 quinque

141 1128 286 1175 millia
318 1145 344 1175 e
683 1129 744 1175 'si
775 1129 981 1189 equitum
1014 1129 1252 1176 centuriae
1284 1144 1373 1191 per
1403 1129 1650 1175 Caesarem
1684 1136 1732 1175 et
1762 1128 2016 1176 Antonium
2058 1128 2226 1174 eodem
2264 1129 2403 1175 modo
2437 1143 2492 1174 ac

144 1208 332 1248 senatus
366 1206 527 1247 auctae
564 1195 719 1259 erant,
753 1203 859 1247 ante
890 1200 1017 1246 bella
1048 1199 1205 1246 civilia
1235 1214 1456 1246 numerus
1488 1199 1568 1245 ille
1600 1200 1750 1245 tribus
1783 1200 1987 1245 millibus
2019 1202 2166 1246 multo
2199 1199 2351 1263 major
2383 1215 2490 1246 esse

140 1288 233 1316 non
266 1273 433 1333 potuit.
457 1272 517 1334 ⁸⁴)
581 1273 793 1334 Apparet
824 1280 993 1328 autem,
1026 1274 1135 1334 plus
1168 1274 1328 1317 seculo
1347 1274 1708 1333 ‘praeterlapsm
1742 1275 1889 1319 auctis
1923 1289 2028 1318 cum
2058 1274 2280 1319 universo
2314 1271 2490 1319 civium

142 1359 336 1390 numero
379 1351 477 1390 tum
520 1353 569 1392 et
609 1344 788 1391 viribus
832 1352 879 1391 et
922 1344 1218 1391 multitudine
1251 1343 1568 1407 plebeiorum,
1610 1345 1748 1391 etiam
1780 1361 2021 1392 numerum
2061 1361 2220 1392 eorum
2263 1346 2489 1402 crevisse,

142 1416 245 1476 qui,
287 1416 378 1463 nisi
410 1423 538 1463 certa
548 1417 702 1478 *equis
736 1416 1027 1478 assignandis
1060 1433 1240 1464 summa
1270 1416 1458 1479 publice
1491 1417 1740 1463 constituta
1772 1408 1964 1474 fuisset,
2006 1417 2056 1464 in
2087 1417 2293 1478 equitum
2326 1426 2489 1465 centu-

139 1487 234 1535 rias
267 1487 415 1551 recipi
444 1489 724 1553 potuissent.
772 1489 921 1551 quue
952 1495 1188 1536 testantur
1219 1504 1337 1551 quae
1371 1488 1430 1534 de
1457 1487 1684 1551 Vejorum
1717 1489 1959 1534 obsidione
1984 1488 2152 1534 Livius
2185 1490 2334 1535 refert
2365 1489 2411 1545 5,
2442 1489 2488 1533 7.

141 1563 378 1623 „Accepta
412 1561 550 1619 enim,
583 1561 747 1623 inquit,
781 1562 905 1623 apud
933 1560 1081 1624 Vejos
1114 1563 1351 1609 calamitas
1383 1577 1600 1623 magnam
1629 1562 1811 1607 senatui
1844 1577 1999 1607 curam
2031 1570 2297 1622 metumque
2329 1559 2491 1622 injecit

142 1660 199 1667 —-
236 1660 295 1667 —
329 1649 468 1694 quum
500 1641 721 1696 repente,
765 1635 932 1696 quibus
967 1650 1135 1681 census
1169 1641 1389 1696 equester
1421 1641 1545 1691 erat,
1595 1634 1704 1695 equi
1736 1634 1911 1696 publici
1943 1650 2037 1680 non
2078 1642 2212 1680 erant
2251 1632 2490 1696 assignati,

140 1704 336 1752 consilio
368 1706 500 1768 prius
532 1707 658 1753 inter
687 1723 793 1753 sese
827 1708 1009 1764 habito,
1052 1714 1265 1754 senatum
1299 1707 1495 1763 adeunt,
1539 1707 1751 1767 factaque
1786 1707 1970 1753 dicendi
2001 1713 2237 1768 potestate
2271 1707 2402 1768 equis
2435 1721 2490 1752 se

141 1777 239 1825 suis
273 1778 506 1840 stipendia
538 1779 744 1826 facturos
777 1774 1100 1842 promittunt“.
1166 1780 1273 1827 Hos
1306 1794 1445 1842 quum
1477 1780 1613 1842 plebs
1646 1794 1828 1840 quoque
1870 1778 2048 1826 imitata
2080 1787 2230 1835 esset,
2279 1780 2489 1840 utrisque

140 1857 329 1895 senatus
370 1851 543 1911 gratias
576 1867 716 1912 agere
766 1854 994 1913 „placere
1029 1853 1193 1908 etiam,
1238 1852 1451 1897 omnibus
1483 1851 1556 1897 his
1597 1853 1906 1912 voluntariam
1949 1859 2085 1897 extra
2125 1852 2336 1916 ordinem
2377 1867 2490 1913 pro-

139 1921 281 1968 fessis
328 1921 539 1968 militiam
582 1938 691 1968 aera
731 1925 989 1984 procedere
1002 1929 1029 1950 ‘⁶
1077 1924 1128 1970 id
1172 1931 1246 1971 est
1286 1923 1518 1985 stipendia
1560 1925 1718 1969 valere
1761 1924 1820 1969 ad
1861 1924 2146 1985 implendum
2180 1922 2360 1984 justum
2402 1923 2486 1969 sti-

140 1993 413 2057 pendiorum
445 2008 701 2051 numerum,
719 1994 778 2057 65)
812 2002 892 2051 „et
925 1995 1069 2056 equiti
1102 2001 1257 2042 certus
1289 2009 1510 2042 numerus
1543 1993 1666 2040 aeris
1701 2001 1774 2040 est
1806 1994 2081 2058 assignatus.
2131 1995 2253 2040 Tum
2285 1994 2486 2057 primum

140 2067 270 2127 equis
302 2082 484 2111 merere
517 2067 699 2125 equites
731 2072 1041 2134 coepemnt“.
1111 2090 1114 2092 ·

343 2138 388 2186 3.
436 2138 545 2185 Hoc
577 2138 719 2199 igitur
751 2145 962 2198 tempore
995 2138 1065 2184 rei
1098 2138 1312 2184 militaris
1344 2137 1537 2183 mutatio
1579 2153 1745 2198 magna
1779 2138 1899 2183 facta
1932 2144 2043 2184 est..
2083 2139 2202 2186 Nam
2236 2138 2294 2185 ad
2326 2155 2486 2194 unum,

141 2211 264 2272 quod
297 2210 536 2272 hucusque
568 2209 746 2268 fuerat,
790 2209 995 2272 equitum
1027 2210 1340 2257 Romanorum
1373 2224 1544 2271 genuS,
1587 2208 1666 2270 qui
1700 2223 1820 2270 equo
1853 2209 2042 2271 publico
2075 2209 2310 2272 stipendia
2341 2210 2487 2257 facie-

138 2285 261 2340 bant,
278 2282 337 2344 ⁶⁶)
371 2284 566 2329 accessit
593 2284 789 2330 alterum
814 2281 1105 2344 plebejorum
1137 2282 1388 2337 hominum,
1422 2281 1514 2341 qui,
1548 2296 1804 2342 quanquam
1837 2297 1931 2327 non
1965 2284 2323 2343 appellabantur
2355 2283 2486 2344 equi-

137 2365 235 2414 tes,
278 2358 584 2417 carebantque
627 2355 886 2418 insignibus
928 2355 1133 2417 equitum
1175 2355 1514 2409 Romanorum,
1538 2354 1598 2416 ⁶⁷)
1640 2359 1796 2400 tamen
1833 2371 1953 2416 equo
1995 2372 2181 2403 merere
2223 2357 2326 2403 sive
2366 2371 2486 2417 equo

138 2429 370 2493 stipendia
401 2430 580 2486 facere,
629 2429 678 2476 id
710 2435 806 2487 est,
857 2444 976 2490 equo
1008 2427 1216 2491 privato,
1240 2428 1299 2490 ⁶⁸)
1347 2427 1576 2474 dicuntur.

141 2557 184 2599 ω)
209 2555 251 2588 cf.
276 2554 345 2588 Cic.
369 2552 436 2589 off.
460 2555 498 2595 2,
526 2555 579 2588 21.
602 2565 652 2597 pr.
677 2552 807 2587 Cluent.
840 2554 894 2587 55.
918 2557 951 2586 et
974 2551 1057 2593 alia,
1091 2562 1176 2595 quae
1198 2551 1266 2584 lau·
1346 2557 1348 2559 ’
1392 2550 1436 2584 de
1469 2550 1604 2584 Romuli
1636 2553 1704 2588 :300
1736 2553 1902 2596 equitibus
1938 2554 2174 2600 „legitimo
2212 2555 2370 2600 quique
2406 2563 2483 2586 me·

141 2600 345 2674 ⁰⁴dabu111t¹ur
367 2597 487 2674 illinita-¹
527 2639 538 2671 ¹
641 2640 707 2673 379
773 2637 799 2672 c
823 2643 834 2670 t
883 2640 892 2648 ·
941 2639 951 2671 Ι
1211 2639 1255 2672 5⁰
1350 2594 1513 2669 ‘uraha‘
1535 2599 1699 2672 θίἶῑῑοέ,
1766 2639 1787 2670 h
2089 2641 2096 2651 ,
2147 2643 2156 2651 ,
2419 2640 2440 2670 ,1

171 2643 250 2719 )E;⁷.
265 2652 415 2729 νιιῑιὲδιζῗιιιι
424 2649 671 2717 οἱηέοῐέἰεξὲωἰε
702 2663 747 2715 de
777 2649 916 2715 „1:¹32ss
946 2648 1266 2716 ssffiffimvfflssffloj
1379 2639 1631 2733 hiem?
1636 2650 1892 2724 “dragmas-:11:¹³
1908 2642 2485 2730 tssrlqffiiidqgffffbssgnapg-:seg

181 2728 277 2762 nibus
300 2729 350 2770 (v.
365 2727 467 2760 Dion.
483 2725 559 2759 nal.
576 2727 607 2759 5.
624 2736 656 2768 p.
678 2727 771 2760 1048.
786 2725 845 2766 R.)
869 2725 1024 2758 concludi
1047 2724 1129 2758 nibil
1143 2729 1263 2767 potest.
1391 2723 1549 2758 decumas
1571 2726 1637 2768 (sc.
1654 2726 1824 2769 judicum)
1848 2727 2025 2760 ordinante
2050 2729 2159 2772 major
2181 2739 2258 2770 pars
2282 2727 2429 2759 'udicum
2452 2728 2484 2758 in

139 2774 186 2815 ⁶⁵)
208 2783 240 2805 v.
265 2772 413 2805 Gronov.
436 2770 481 2803 ad
503 2769 579 2803 Liv.
602 2771 633 2810 5,
656 2770 709 2809 48,
733 2770 762 2803 7.
801 2767 947 2801 Dirksen
970 2769 1014 2801 nd
1037 2768 1118 2802 '1¹ab.
1131 2767 1263 2801 umet.
1390 2766 1503 2801 ferreo
1524 2767 1651 2802 mulo
1680 2769 1741 2803 fuit
1764 2770 1853 2813 iique
1875 2781 1942 2803 non
1965 2771 2113 2814 equites,
2143 2771 2204 2803 sed
2221 2771 2262 2814 ju
2290 2771 2359 2803 ices
2383 2781 2484 2803 voca·

178 2827 209 2857 p.
233 2818 286 2850 46,
1389 2809 1522 2844 bantur.
1568 2810 1730 2855 Equitum
1747 2825 1871 2847 nomen
1893 2815 2096 2849 subsistebat
2119 2815 2151 2847 in
2175 2814 2294 2847 turmis
2319 2824 2482 2856 equorum

137 2860 181 2900 ⁶0)
205 2857 277 2891 Liv.
300 2858 362 2899 39,
384 2858 416 2892 9.
460 2856 501 2890 Ρ.
526 2855 754 2895 Aebutius,
785 2831 1059 2934 cujusgater
1086 2853 1262 2897 publico
1301 2857 1305 2890 ε
1389 2853 1642 2895 ρυΜίεοωιιι.“
1689 2855 1776 2888 Plin.
1800 2856 1842 2888 ss.
1867 2856 1911 2895 N.
1935 2858 1996 2896 33,
2021 2858 2050 2889 7.

169 2901 285 2944 'equo
307 2901 536 2946 stipendia
559 2900 738 2934 fecerat.
761 2910 823 2943 pro
846 2909 911 2942 quo
960 2897 1121 2932 vidam.
1141 2895 1260 2938 3,130.
1300 2896 1305 2942 Ι
1346 2896 1391 2940 ⁶0)
1436 2895 1545 2932 Recte
1581 2899 1669 2933 enim
1692 2899 1781 2933 Livii
1821 2900 1898 2934 loco
1933 2900 2068 2934 laudato
2092 2899 2215 2944 legitur
2266 2898 2366 2933 Tum
2399 2898 2481 2942 pri-
