2720 3402
160 283 321 329 omnes
352 283 445 315 non
479 268 822 331 antiquissimos
856 269 1027 326 fonteS,
1061 267 1417 330 commentarios
1446 282 1609 329 regum
1642 266 1922 329 inspexisse,
1956 266 2042 313 sed
2075 282 2177 314 eam
2209 284 2376 315 census
2410 270 2508 316 for-

159 355 279 387 mam
312 341 634 403 descripsisse,
668 357 803 403 quam
835 342 1099 405 posteriore
1116 348 1342 405 *tempore
1374 340 1421 388 in
1455 355 1545 386 usu
1576 339 1725 388 fuisse
1758 340 2001 387 vidissent.
2069 337 2217 402 Cujus
2250 341 2507 388 sententiae

160 428 416 475 quanquam
464 416 651 475 longum
698 422 771 461 est
812 412 1082 476 argumenta
1123 411 1276 460 omnia
1317 419 1562 476 repetere,
1609 419 1765 458 tamen
1807 413 2030 473 quaedam
2072 413 2198 459 infra
2240 413 2508 471 afferentur,

158 486 235 532 hic
265 486 382 533 illud
414 502 799 533 commemorasse
832 488 1061 545 sufficiet,
1108 503 1170 533 ex
1201 486 1400 532 Bockhii
1432 485 1613 532 ratione
1647 485 1900 530 Servianos
1932 500 2151 546 numeros
2184 477 2345 547 quinta
2376 493 2510 549 parte

158 559 255 617 his,
298 559 377 620 qui
418 560 576 616 seculo
618 559 745 606 urbis
788 566 924 607 sexto
966 560 1177 617 fuerunt,
1226 559 1431 605 minores
1464 557 1627 603 fuisse.
1691 556 1799 602 Hos
1832 564 1880 603 et
1911 558 2085 604 assium·
2122 559 2357 605 libralium
2399 576 2511 621 pre-

156 632 223 679 tio
255 632 496 679 imminuto
529 638 577 678 et
609 632 785 679 divitiis
818 632 1053 679 hominum
1088 631 1404 678 crescentibus
1437 629 1519 691 (cf.
1536 627 1702 675 Bockh
1734 644 1781 691 p.
1814 629 1944 696 444.)
1978 632 2137 692 augeri
2168 631 2404 690 debuisse,
2438 631 2511 678 id-

157 720 247 765 que
281 719 421 765 quum
454 702 639 766 saepius
673 707 843 751 factum
877 706 960 760 sit,
1001 705 1110 750 ihde
1143 704 1368 763 intelligi,
1414 717 1497 747 cur
1528 702 1588 747 de
1622 702 1862 746 Servianis
1895 703 2099 747 numeris
2131 704 2253 749 inter
2284 720 2335 749 se
2368 705 2510 751 diffe-

156 783 261 824 rant
293 777 570 840 scriptores3
611 794 716 825 nam
760 792 900 838 quum
940 776 1109 823 Livius
1151 783 1200 822 et
1231 773 1516 834 Dionysius,
1559 773 1906 833 antiquissimos
1939 775 2094 820 fontes
2128 776 2296 831 secuti,
2327 778 2507 838 primae

158 849 296 895 classi
338 865 467 897 asses
512 849 713 907 100,οθ0
753 844 972 905 tribuant,
1006 847 1212 894 Plinium
1254 846 1564 894 recentiorem
1608 860 1776 892 census
1819 845 2015 892 formam
2049 847 2200 894 animo
2233 863 2507 910 repraesen—

156 928 282 968 tasse
323 939 413 983 qua
448 923 599 984 prima
640 922 802 967 classis
835 921 1017 966 assibus
1054 920 1264 976 110,()()0⁴
1287 925 1580 975 censeretur,
1627 919 1915 979 eandemque
1948 920 2008 965 ad
2040 918 2269 966 Serviana
2287 927 2509 984 ‘tempora

156 993 388 1047 retulisse.
452 994 691 1042 Habuisse
723 992 866 1055 igitur
897 991 1056 1040 Servii
1085 991 1298 1055 tempore

677 1097 873 1157 primam
963 1096 1159 1139 classem
1191 1094 1365 1149 20,000
1387 1110 1551 1152 asses,
1583 1101 1748 1156 postea
1785 1095 1999 1150 100,οθ0.

679 1167 929 1213 secundam
962 1167 1158 1212 classem
1193 1165 1363 1221 15,ooo
1395 1181 1549 1222 asses,
1581 1173 1746 1228 postea
1807 1166 1994 1223 75,000.

679 1239 866 1285 tertiam
961 1239 1158 1284 classem
1193 1238 1363 1294 10,000
1395 1254 1549 1294 αδδεδ,
1581 1245 1747 1301 postea
1810 1238 1997 1294 50,000.

679 1318 887 1372 quartam
960 1311 1157 1357 classem
1220 1309 1363 1366 5‚ooo
1395 1325 1551 1367 asseS,
1584 1317 1750 1372 postea
1813 1311 1999 1367 25‚ooo.

679 1384 886 1446 quintam
959 1383 1156 1429 classem
1220 1383 1365 1440 2‚ooo
1396 1398 1550 1440 asses,
1584 1390 1751 1446 postea
1818 1384 2000 1441 10,000.

364 1490 504 1553 Quod
546 1490 588 1536 si
629 1488 679 1535 hi
718 1484 911 1547 numeri,
944 1487 1003 1534 ad
1044 1503 1101 1534 ea
1132 1486 1372 1534 etiamtum
1402 1493 1616 1549 tempora
1646 1486 1906 1550 pertinent,
1948 1488 2113 1550 quibus
2145 1488 2296 1552 prima
2337 1490 2509 1537 mentio

159 1579 326 1609 census
369 1563 601 1624 equestris
633 1562 711 1617 fit,
736 1562 800 1610 >si
826 1559 924 1622 jam
956 1568 1055 1606 tum
1088 1567 1251 1621 quarta
1281 1567 1415 1622 parte
1447 1562 1571 1606 hunc
1603 1575 1792 1606 censum
1824 1562 2001 1622 primae
2034 1563 2198 1608 classis
2240 1578 2382 1608 censu
2414 1578 2511 1608 ma—

152 1633 309 1697 jorem
357 1635 505 1681 fuisse
547 1634 789 1697 ponimus,
839 1631 944 1695 ejus
984 1633 1210 1695 temporis
1236 1649 1420 1694 ‘census
1463 1640 1682 1693 equester
1714 1633 1804 1679 fuit
1834 1634 2008 1689 80,οω
2040 1650 2195 1691 αδδεδ,
2238 1635 2511 1681 Senatorius

159 1723 289 1754 asses
325 1706 540 1764 160,000.
565 1706 626 1768 ⁴²)

2082 1768 2112 1789 Ο

161 2293 206 2341 ⁴²)
230 2289 373 2322 Censum
413 2293 600 2340 equestrem
638 2288 794 2321 Serviani
836 2288 998 2331 temporis
1039 2287 1291 2332 quadringentis

226 2334 387 2365 minorem
411 2332 533 2371 fuisse,
557 2333 656 2364 etiam
679 2331 871 2365 Huschkius
894 2343 927 2374 p.
950 2333 1025 2366 351.
1049 2332 1144 2373 vidit.
1163 2369 1166 2371 ,
1189 2331 1292 2367 Quod

226 2381 336 2409 autem
379 2375 436 2408 ine
475 2374 593 2417 eadem
638 2375 786 2414 ratione,
833 2385 900 2418 qua
940 2374 1067 2408 classes
1108 2374 1294 2408 Servianae

227 2419 405 2452 distinctae
438 2423 554 2457 erant,
588 2418 687 2451 etiam
711 2418 856 2461 equitum
879 2418 1008 2451 classes
1044 2418 1206 2460 quasdam
1245 2417 1293 2450 fu-

226 2463 293 2495 isse
321 2461 513 2498 contendit.
545 2466 579 2493 ut
609 2462 755 2504 equitum
786 2462 955 2494 centuriae
987 2472 1053 2493 non
1082 2462 1149 2493 uua
1179 2471 1295 2494 omnes

227 2505 382 2548 suffragia
422 2504 572 2542 tulerint,
604 2504 675 2535 sed
707 2504 806 2535 binae
843 2515 917 2536 cum
953 2504 1091 2536 sinvulis
1124 2505 1296 2542 classibus,
1443 2504 1616 2536 natm-ibus
1659 2506 2002 2550 magistratibusque„
2035 2508 2092 2549 qui
2134 2508 2278 2550 antiquis
2311 2507 2516 2550 temporibus

228 2547 301 2591 ejus
334 2548 382 2581 rei
413 2558 512 2580 unum
541 2551 932 2599 tautum-argumentum
963 2530 1081 2580 afferre
1111 2547 1239 2599 potuit,
1276 2557 1297 2579 a
1445 2547 1603 2599 cepturiis
1650 2547 1717 2589 illis
1761 2548 2035 2590 continebantur,
2081 2551 2213 2594 priores
2246 2551 2381 2584 ordines
2415 2550 2515 2583 datos

228 2591 308 2624 xlv
353 2591 525 2624 ordinibus
570 2589 694 2622 theatn
728 2596 878 2632 petitum.
947 2591 1075 2633 Legem
1108 2601 1196 2623 enim
1231 2591 1297 2623 Ro·
1445 2590 1559 2622 fmsse.
1612 2590 1812 2631 Postremo,
1854 2593 2025 2634 quomodo
2058 2592 2135 2626 fieri
2171 2595 2295 2636 potuit,
2329 2599 2364 2625 ut
2400 2594 2517 2635 quinta

227 2635 332 2668 sciam
364 2633 446 2667 dicit
477 2644 511 2677 p.
542 2633 616 2668 362.
648 2642 715 2666 non
745 2642 869 2665 novum
892 2633 1057 2676 equitibus
1091 2632 1188 2677 privil
1245 2642 1299 2665 um
1446 2631 1505 2666 illa
1541 2632 1660 2667 classis
1692 2635 1838 2677 equitum
1872 2646 1939 2669 una
1968 2647 2045 2671 eun
2076 2639 2257 2671 centesima
2289 2636 2518 2680 undesexage-

230 2676 384 2717 dedisse,
415 2677 477 2711 sed
500 2677 671 2719 antiquum
695 2676 775 2709 resti
946 2687 1022 2710 uum
1045 2682 1156 2710 autem
1179 2676 1210 2709 X
1231 2674 1298 2708 ἸΙΙ.

331 2721 381 2753 ,ᾖ
424 2719 552 2753 lem
578 2724 646 2752 mm
667 2719 740 2752 ord-
922 2687 990 2752 qiu
1038 2720 1047 2729 .
1073 2725 1086 2753 t
1108 2720 1130 2753 n
1275 2722 1288 2750 t
1447 2676 1540 2751 §fimat
1561 2678 1713 2730 centuria
1742 2677 1899 2730 suffragia
1926 2679 2050 2720 seroet,
2081 2691 2179 2733 quum
2208 2686 2319 2712 tamen
2331 2680 2447 2755 'netga-n
2470 2680 2518 2745 illi

231 2726 495 2797 fasciam„
518 2730 585 2795 ,οἱ
608 2686 959 2824 maffia
955 2725 1071 2794 mass?
1088 2719 1186 2795 Ἥ,
1205 2722 2520 2807 ‘¹414{2¹:1¹‘agaza1’2mz‘323035ssw3222211u„a‚‘²:22

230 2805 335 2839 fuisse
356 2806 432 2839 illos
456 2805 616 2838 Varronis
639 2804 856 2845 ferentarios,
878 2814 1024 2847 eosque,
1047 2811 1083 2838 ut
1104 2806 1138 2839 in
1160 2804 1305 2844 theatro,
1452 2805 1598 2847 equitum
1642 2817 1783 2840 numero
1827 2818 1869 2841 ex
1911 2809 2002 2842 omni
2044 2808 2156 2852 populi
2190 2818 2320 2842 summa
2349 2814 2520 2851 separato,

232 2851 282 2882 sic
316 2861 426 2894 neque
459 2850 492 2882 in
527 2849 690 2894 concione
726 2848 841 2892 populi
874 2848 962 2882 idem
1008 2859 1046 2895 us
1080 2855 1182 2892 atque
1210 2848 1306 2889 alios,
1453 2853 1522 2880 tum
1555 2848 1689 2883 demum
1718 2851 1881 2894 reliquum
1911 2853 2081 2896 populum‘
2098 2853 2130 2885 in
2159 2851 2288 2886 classes
2310 2852 2521 2885 distributum

233 2903 343 2937 neque
386 2893 529 2927 eundem
573 2902 709 2926 censum
746 2891 914 2927 babuisse.
1060 2916 1070 2933 ‚
1114 2892 1177 2926 nisi
1214 2891 1307 2926 Cice-
1454 2901 1531 2925 esse
1553 2892 1665 2926 tradit.

1439 2287 1530 2321 ronis
1552 2287 1661 2320 locum
1685 2288 1881 2331 conjectura
1902 2288 2116 2329 mutavisset,
2146 2290 2181 2323 in
2203 2289 2293 2324 hanc
2315 2291 2515 2324 sententiam

1440 2342 1608 2373 nunquam
1641 2332 1824 2364 incidisset.
1884 2330 1976 2366 Nam
2008 2333 2053 2365 de
2085 2333 2276 2368 ferentuiis
2308 2345 2422 2378 supra.
2446 2335 2514 2367 dic-

1441 2380 1509 2407 tnm
1540 2379 1609 2415 est,
1640 2373 1722 2407 illud
1752 2387 1773 2408 a
1803 2375 1955 2417 nemine,
1986 2376 2078 2420 quod
2101 2378 2227 2418 sciam,
2257 2378 2419 2418 traditur,
2448 2380 2514 2411 sin-

1440 2417 1536 2469 gulas
1575 2418 1742 2451 centurias
1759 2418 1917 2464 ‚singulis
1953 2420 2128 2454 ordinibus
2164 2432 2245 2454 suas
2279 2422 2379 2455 sedes
2412 2420 2515 2454 habu-

1442 2471 1526 2500 isse,
1558 2471 1624 2503 quo
1654 2466 1767 2494 tamen
1797 2462 1911 2506 posito
1945 2474 2013 2496 nou
2040 2464 2186 2498 alienum
2216 2476 2238 2498 a
2259 2475 2342 2498 vero
2364 2470 2432 2504 est,
2462 2475 2514 2497 se-

1943 2953 1969 2993 2
