2720 3402
159 251 408 316 Quumque
435 250 608 297 infame
637 253 764 295 esset
794 263 942 310 genus
976 247 1216 296 hominum
1250 248 1308 297 ad
1342 247 1699 312 depugnandum
1726 247 1808 294 vel
1838 246 1962 293 inter
1994 245 2277 309 gladiatores
2308 251 2388 297 vel
2421 265 2524 300 cum

160 325 325 372 bestiis
360 316 702 370 auctoratorum
725 320 785 382 ⁵³)
821 348 879 354 —
916 327 1049 367 erant
1081 321 1206 368 enim
1239 322 1289 368 hi
1333 330 1412 370 aut
1452 321 1578 368 servi
1620 327 1699 367 aut
1730 319 1906 383 captivi
1939 347 1998 354 —
2033 335 2263 382 quumque
2296 323 2377 384 qui
2408 322 2526 369 lani-

159 405 385 445 staturam
408 396 466 456 54)
499 400 708 440 artemve
742 392 969 439 ludicram
1002 400 1273 452 exerceret,
1296 395 1357 457 ⁵.⁵)
1392 394 1556 442 eodem
1588 395 1691 440 loco
1725 399 1876 449 esset,
1910 408 2000 453 quo
2034 393 2113 453 qui
2147 400 2388 453 quaestum
2422 411 2526 442 cor-

159 487 278 535 pore
312 466 652 516 lenociniumve
686 465 890 523 faceret,
933 465 1074 528 quive
1108 467 1447 514 atrocissimum
1484 467 1696 528 quodque
1730 466 1883 512 scelus
1916 465 2224 527 patravisset,
2247 466 2308 527 56)
2353 468 2527 514 Caesar

161 545 359 606 primum
386 539 567 600 equites
585 539 823 584 Romanos
852 545 1212 601 senatorumque
1239 541 1379 598 filios,
1411 541 1569 603 paullo
1601 546 1710 602 post
1741 545 1982 584 senatores
2015 538 2214 600 pecunia
2246 539 2526 601 saepiusque

164 616 300 663 etiam
333 612 383 659 vi
414 611 639 675 perpulit,
672 618 726 658 ut
752 619 832 658 aut
858 613 970 659 ludo
1004 629 1236 674 arenaque
1264 614 1601 675 polluerentur,
1634 619 1712 659 aut
1737 611 2008 658 lanistarum
2040 610 2188 658 instar
2220 611 2526 673 gladiatorum

161 686 386 735 exercitia
427 692 662 747 regerent.
689 685 752 747 ⁵⁷)
817 685 1018 733 Munere
1061 685 1111 732 in
1153 686 1258 732 foro
1302 686 1688 749 depugnaverunt
1730 686 1788 731 Τ.
1830 683 2066 730 Munatius
2110 685 2313 731 Plancus
2356 685 2525 741 Bursa,

159 768 216 807 tr.
250 761 316 822 pl.
351 775 391 805 a.
425 758 512 815 52,
554 758 731 804 Furius
764 758 1025 821 Leptinus,
1069 758 1217 820 stirpe
1250 758 1510 821 praetoria,
1553 759 1612 820 Q.
1646 759 1903 820 Calpenus,
1937 763 2126 803 senator
2159 757 2412 817 quondam,
2455 758 2526 803 lu-

158 834 323 894 disque
366 831 590 878 Decimus
632 831 866 879 Laberius
909 848 1052 892 eques
1085 832 1323 878 Romanus
1366 846 1470 878 cum
1513 847 1690 880 summa
1731 830 1934 891 equitum
1976 829 2294 890 indignatione
2337 830 2525 877 mimum

159 922 294 953 suum
329 903 441 968 egit.
465 904 526 968 58)
593 904 693 952 Sed
724 904 872 952 tristis
906 902 1121 952 Caesaris
1156 902 1313 952 exitus
1346 903 1518 962 docuit,
1551 902 1854 961 nobilitatem,
1887 909 1939 950 ut
1970 901 2276 964 impotentem
2307 902 2399 950 iam
2431 903 2526 950 rei-

159 979 376 1043 publicae
411 979 756 1039 gubernandae,
788 977 854 1021 ita
886 976 1124 1021 etiamtum
1158 977 1334 1022 domini
1368 992 1474 1023 esse
1507 976 1842 1039 impatientem,
1879 991 2070 1037 eamque
2104 981 2183 1022 aut
2214 991 2409 1038 prorsus
2443 977 2526 1022 de-

163 1053 374 1106 lendam,
423 1058 501 1095 aut
534 1051 687 1109 aliqua
718 1049 899 1094 ratione
933 1055 981 1093 et
1014 1048 1340 1094 deleniendam
1374 1056 1422 1094 et
1464 1051 1767 1094 coercendam
1802 1066 1931 1105 esse,
1973 1065 2119 1109 usque
2154 1049 2262 1095 dum
2295 1065 2446 1095 novae
2480 1056 2528 1094 et

164 1126 316 1173 adhuc
348 1122 559 1169 infirmae
594 1119 897 1167 dominationi
932 1120 1242 1167 adsuevisset.
1295 1122 1450 1183 Atque
1484 1121 1611 1167 illam
1644 1121 1873 1167 rationem
1905 1122 1938 1167 ii
1972 1121 2119 1166 secuti
2152 1127 2273 1177 sunt,
2307 1122 2385 1182 qui
2419 1129 2528 1183 post

162 1198 425 1259 Augustum
467 1194 780 1256 principatum
824 1191 1149 1250 obtinuerunt,
1193 1194 1312 1241 hanc
1354 1197 1593 1255 Augustus
1635 1194 1766 1256 ipse,
1809 1194 1883 1241 cui
1916 1194 1956 1240 si
1996 1194 2066 1240 illi
2106 1196 2526 1256 obtemperassent,

160 1270 329 1318 melius
362 1268 565 1313 fortasse
600 1273 648 1312 et
680 1265 943 1328 principum
976 1265 1241 1312 auctoritati
1275 1273 1324 1313 et
1354 1266 1640 1329 reipublicae
1664 1265 1811 1324 ‚saluti
1843 1267 2104 1313 consultum
2132 1266 2313 1313 suisset.
2362 1268 2527 1328 Neque

159 1343 284 1389 enim
312 1341 443 1386 illum
472 1339 608 1401 sugit,
637 1340 761 1400 quod
787 1345 951 1401 postea
978 1338 1159 1395 accidit,
1193 1338 1438 1385 exstinctis
1464 1338 1698 1384 nobilibus
1725 1339 1784 1384 ad
1811 1338 2044 1385 sordidam
2072 1340 2258 1401 plebem
2285 1339 2528 1387 libertino-

159 1430 355 1477 rumque
388 1411 726 1474 impudentiam
760 1418 807 1456 et
840 1428 955 1473 opes
989 1419 1037 1457 et
1069 1412 1325 1474 potentiam
1352 1419 1699 1475 perventuram,
1733 1426 1872 1471 quum
1906 1426 2000 1456 non
2034 1412 2252 1474 exiguum
2287 1414 2527 1460 continen-

163 1490 327 1535 darum
359 1485 410 1530 in
444 1483 667 1546 obsequio
701 1484 1045 1546 provinciarum
1078 1492 1361 1530 momentum
1394 1486 1442 1530 in
1486 1484 1756 1530 sustinenda
1790 1499 1846 1529 ea
1879 1484 2002 1529 fama
2035 1492 2171 1543 atque
2204 1486 2353 1545 gloria
2386 1495 2527 1543 esset,

165 1576 284 1622 quae
326 1563 517 1619 accepta
559 1573 587 1602 a
617 1557 894 1613 maioribus,
938 1557 979 1602 si
1012 1558 1163 1603 minus
1197 1558 1371 1603 virtute
1402 1565 1620 1619 paterna,
1663 1564 1865 1602 attamen
1898 1556 2075 1601 divitiis
2110 1563 2247 1616 atque
2291 1560 2527 1606 nominum

164 1634 376 1695 ipsorum
419 1630 702 1692 celebritate}
734 1630 885 1681 adhuc
925 1636 1202 1676 conservata
1239 1637 1351 1675 erat.
1376 1631 1436 1690 52')
1501 1628 1825 1675 provinciales
1860 1628 2008 1685 enim,
2057 1629 2135 1689 qui
2168 1630 2256 1675 soli
2289 1631 2527 1678 etiamtum

166 1703 415 1767 frugaliter
445 1707 727 1763 strenueque
755 1700 991 1756 vivebant,
1026 1703 1083 1747 ab
1111 1702 1363 1748 honoribus
1395 1703 1501 1764 lege
1533 1708 1631 1748 tum
1663 1701 1890 1763 temporis
1922 1702 2211 1759 arcebantur,
2245 1719 2529 1764 magnaeque

165 1774 524 1841 provincialium
557 1774 606 1820 in
640 1781 851 1825 senatum
885 1773 1132 1820 lectionem
1166 1773 1370 1820 invidiae
1406 1774 1551 1820 fuisse
1580 1773 1769 1820 Caesari
1803 1779 2207 1821 commemoratum
2241 1782 2336 1822 est:
2370 1793 2397 1823 e
2430 1777 2528 1824 Ro-

164 1850 315 1896 manis
357 1848 477 1910 ipsis
519 1854 654 1893 erant
691 1846 967 1907 quaerendi,
1011 1847 1089 1907 qui
1123 1853 1171 1892 et
1215 1847 1513 1907 splendorem
1556 1848 1689 1892 aulae
1733 1853 1780 1892 et
1820 1847 2163 1908 magistratibus
2206 1849 2527 1897 auctoritatem

162 1924 414 1978 afferrent3
459 1935 520 1967 ex
554 1920 720 1967 iisdem
755 1919 1018 1981 supplenda
1051 1925 1100 1965 et
1131 1919 1302 1966 iudicia
1336 1926 1383 1966 et
1416 1924 1627 1976 senatus,
1671 1918 1748 1980 qui
1779 1919 1871 1966 nisi
1904 1919 2089 1966 omnino
2122 1921 2357 1969 tollendus
2391 1940 2417 1969 e
2450 1941 2527 1970 re-

162 1994 349 2058 publica
382 1992 655 2049 videbatur,
697 1999 824 2038 certe
859 1991 1062 2038 ludibrio
1096 1991 1278 2038 civibus
1313 2008 1418 2038 esse
1451 2008 1545 2038 non
1577 1992 1751 2038 debuit.
1815 1992 1933 2038 Nam
1966 1993 2132 2038 eodem
2164 1999 2401 2055 tempore,
2435 2012 2526 2057 quo

160 2066 424 2130 principum
465 2071 595 2111 metu
637 2063 918 2111 nobilissimi
951 2064 1120 2125 quique
1164 2078 1194 2109 a
1224 2063 1570 2125 magistratibus
1611 2064 1800 2110 summis
1834 2064 2014 2110 exclusi
2047 2071 2178 2122 sunt,
2221 2065 2279 2123 ii,
2321 2067 2397 2128 qui
2432 2068 2527 2116 illis

162 2138 356 2184 timendi
388 2153 481 2183 non
514 2137 809 2194 videbantur,
843 2136 984 2182 etiam
1018 2136 1199 2181 civibus
1232 2136 1586 2197 peregrinisque
1620 2137 1869 2183 contemtui
1902 2152 2008 2182 esse
2043 2145 2312 2199 coeperunt.

370 2210 611 2271 Augustus
643 2210 801 2271 igitur,
836 2224 975 2270 quum
1005 2209 1166 2255 fractis
1199 2208 1455 2255 nobilitatis
1481 2208 1658 2255 viribus
1684 2227 1835 2270 neque
1862 2209 2210 2270 exstirpandam
2237 2212 2527 2260 nobilitatem

163 2298 315 2345 neque
349 2282 414 2329 ita
447 2283 811 2330 conservandam
844 2288 1058 2345 putaret,
1100 2287 1153 2327 ut
1185 2280 1278 2343 ipsi
1313 2287 1440 2328 esset
1471 2280 1697 2340 timenda,
1743 2283 1976 2330 diversam
2010 2282 2132 2329 viam
2165 2283 2405 2346 ingressus
2439 2294 2527 2344 est,

162 2365 216 2403 ut
248 2356 448 2418 primum
482 2355 571 2401 sibi
604 2356 918 2418 obstringeret
950 2355 1230 2418 universam.
1254 2370 1380 2411 eam,
1414 2370 1531 2416 quae
1564 2363 1830 2419 supererat,
1875 2355 2163 2403 nobilitatem
2197 2364 2246 2404 et
2278 2360 2447 2421 opibus
2481 2366 2529 2407 et

162 2429 420 2476 honoribus
464 2436 512 2474 et
544 2444 709 2475 securo
745 2430 865 2475 otio:
909 2428 1080 2475 deinde
1115 2427 1362 2473 conciliato
1406 2434 1631 2489 auctoque
1673 2431 1819 2476 altero
1854 2429 2040 2486 ordine,
2085 2430 2163 2491 qui
2196 2431 2344 2477 libera
2384 2448 2527 2495 repu-

161 2502 285 2549 blica
327 2500 627 2563 optimatibus
670 2518 813 2565 saepe
846 2501 1125 2558 restitisset,
1167 2500 1217 2547 in
1250 2499 1436 2547 iudiciis
1468 2502 1722 2563 populique
1766 2500 2063 2549 concionibus
2105 2503 2426 2552 anctoritatem
2468 2506 2527 2552 il-

165 2680 210 2745 ἰτ)
234 2677 290 2734 pe
313 2688 353 2711 re
375 2682 459 2711 nota
482 2687 515 2710 v.
539 2677 624 2719 inpr.
647 2676 807 2712 Dirksen.
825 2677 875 2730 ‘ad
899 2677 980 2712 Tab.
1004 2677 1082 2712 Her.
1104 2688 1138 2722 p.
1162 2676 1304 2714 93—89.
1394 2678 1437 2720 ³¹¹)
1460 2676 1529 2710 Dio
1552 2676 1606 2717 43,
1629 2674 1681 2711 23.
1728 2677 1768 2712 cf.
1792 2678 1910 2712 Drum.
1935 2678 1967 2720 3,
1990 2690 2023 2723 p.
2046 2678 2142 2714 619..

167 2725 210 2808 „3
234 2720 666 2807 Ξὲὶιξνὲεῆὶίῐίἓεῇξιὸξᾶ
677 2721 965 2808 1,ὲέἣυῖὴὲξίξᾷ
979 2763 1091 2807 Popp-
1106 2774 1139 2807 p·
1156 2764 1214 2799 ¹2¹
1231 2773 1304 2806 sqq.
1394 2743 1438 2784 Μ)
1462 2742 1555 2774 Suet.
1581 2740 1678 2775 Caes.
1700 2744 1753 2778 39.
1797 2743 1953 2777 Macrob.
1977 2745 2049 2777 Sat.
2073 2743 2106 2784 2,
2130 2745 2160 2778 7.
2204 2743 2323 2777 Drum.
2347 2744 2380 2785 3,
2403 2744 2523 2788 p.658.

209 2809 354 2840 Diu-ksen
379 2808 401 2840 l.
427 2808 447 2839 l.
1394 2806 1437 2848 50)
1469 2804 1525 2837 Ne
1560 2806 1727 2840 civitatem
1767 2808 1900 2850 quidem
1940 2807 2013 2840 dari
2049 2808 2160 2841 multis
2201 2809 2368 2851 Angustus
2407 2810 2527 2852 voluit,

165 2851 402 2940 ⁸⁶)pw74'nlllss
415 2850 553 2884 Her-acl.
585 2860 655 2884 aer.
686 2849 797 2894 Neap.
830 2861 858 2883 c.
891 2849 967 2883 vm
997 2850 1016 2883 l.
1049 2850 1102 2885 49.
1154 2850 1304 2884 Dirksen
1432 2852 1501 2925 ΐυνῖἱ
1524 2849 1679 2927 3602133316
1718 2853 1885 2898 διάφορον
1921 2853 2036 2888 adroic
2072 2853 2157 2897 πρὸς
2192 2852 2265 2886 τούς
2302 2852 2459 2893 ὁπηκόους
2498 2852 2528 2902 ᾖ.

232 2921 241 2931 ,
309 2920 317 2927 .
404 2918 412 2927 .
1568 2917 1579 2933 ,
1643 2918 1654 2926 .
2093 2921 2101 2925 ,
