2720 3402
168 275 225 319 ab
268 274 355 317 hoc
397 269 507 315 inde
548 277 760 332 tempore
806 272 946 317 etiam
989 271 1037 318 in
1081 287 1323 319 censorum
1365 270 1534 318 tabulis
1577 270 1778 334 primum
1810 269 1935 317 inter
1967 269 2147 331 equites
2179 270 2333 316 locum
2364 277 2529 318 tenue-

167 345 276 400 rint,
305 342 385 404 ¹⁰⁰)
418 349 574 389 tamen
607 342 763 388 statim
798 345 854 388 ab
887 344 1022 390 initio
1056 361 1149 391 non
1182 347 1283 402 hoc,
1317 344 1400 389 sed
1433 344 1572 406 longe
1605 343 1754 389 maius
1788 343 1899 405 quid
1931 344 2020 390 hoc
2052 343 2189 390 titulo
2222 342 2530 405 significatum

168 418 316 463 fuisse
357 416 469 461 inde
502 415 805 477 intelligitur,
851 419 976 477 quod
1009 434 1102 464 non
1145 417 1355 464 censoria
1386 422 1644 476 potestate,
1688 417 1746 461 ad
1780 431 1916 475 quam
1957 416 2263 477 pertinuisset
2303 415 2529 476 principis

166 489 324 543 lectio,
358 489 414 533 ab
446 487 661 547 Augusto
694 487 801 550 ipso
835 488 960 535 inter
992 489 1172 551 equites
1204 489 1423 552 princeps
1456 493 1701 549 receptae,
1736 488 1820 533 sed
1853 495 2174 549 cooptatus
2207 488 2264 533 ab
2297 486 2530 547 equitibus

168 562 412 607 immatura
453 565 607 605 aetate
635 559 716 620 ¹⁰¹)
762 562 904 607 Caius
947 566 1053 619 est,'
1075 563 1154 624 ¹⁰2)
1197 562 1274 623 qui
1307 576 1406 606 mos
1441 560 1581 606 etiam
1623 566 1791 621 postea
1833 560 2032 606 duravit.
2062 560 2141 622 ¹⁰³)
2206 559 2355 605 Plane
2387 558 2531 620 igitur

168 649 292 680 novo
325 634 504 678 honore
538 632 762 695 princeps
795 633 1052 680 iuventutis
1086 641 1290 691 creatus,
1324 633 1512 678 decreto
1546 631 1756 694 corporis
1790 631 1997 692 equitum
2031 648 2150 693 equo
2183 631 2395 695 publico,
2437 647 2531 678 non

167 706 258 753 alio
291 704 447 762 modo,
483 710 622 766 atque
656 706 858 768 Augusti
889 722 1059 754 nomen
1092 707 1239 765 scta,
1281 704 1426 769 patris
1459 704 1638 767 patriae
1672 720 1903 752 consensu
1937 705 2141 753 omnium
2175 705 2387 752 ordinum
2421 721 2531 751 con-

165 779 400 825 firmatum
435 784 524 824 est.

377 851 611 913 Quoniam
654 867 771 897 vero
815 853 871 898 ad
914 853 1001 898 hos
1035 852 1214 913 equites
1248 850 1538 900 ceremoniae
1572 850 1798 911 quaedam
1829 850 2181 913 pertinuerunt,
2222 850 2530 897 transvectio-

167 941 295 981 num,
329 924 612 971 decursuum
639 924 689 970 in
718 925 976 981 funeribus,
1010 930 1058 970 et
1084 940 1195 985 quas
1229 925 1342 972 alias
1375 922 1749 980 commemoravi,
1783 923 2036 984 quaeritur,
2070 940 2187 984 quae
2213 922 2262 969 in
2294 923 2368 969 his
2400 923 2532 986 prin-

169 998 290 1060 cipis
321 997 582 1042 iuventutis
616 1002 774 1058 partes
808 997 997 1042 fuerint.
1061 998 1116 1043 In
1150 1014 1239 1058 qua
1269 1014 1321 1044 re
1354 997 1654 1044 memorabile
1688 1002 1775 1051 est,
1810 996 1959 1055 quod,
1993 1012 2132 1056 quum
2164 996 2273 1051 Dio,
2307 1001 2358 1041 ut
2391 1011 2533 1056 supra

171 1070 297 1126 dixi,
330 1069 396 1115 M.
430 1068 698 1124 Aurelium,
733 1068 884 1114 adhuc
918 1069 1191 1127 Gaesarem,
1225 1070 1348 1117 dicat
1380 1069 1661 1130 appellatum
1697 1066 1844 1113 fuisse
1878 1078 2092 1131 πρόκριτον
2128 1082 2195 1131 τῆς
2234 1076 2428 1125 ἱππάδος,
2449 1067 2529 1130 ¹⁰⁴)

171 1143 231 1188 de
266 1142 428 1188 eadem
462 1157 514 1187 re
548 1139 841 1202 Capitolinus
875 1157 920 1187 v.
954 1142 1020 1187 M.
1053 1143 1163 1197 Ant.
1197 1144 1277 1205 ph.
1312 1159 1350 1190 c.
1383 1142 1415 1189 6
1449 1142 1756 1198 „Consulem‚
1787 1140 1950 1201 inquit,
1985 1156 2142 1187 secum
2175 1141 2291 1187 Pius
2324 1143 2533 1187 Marcum

171 1214 459 1276 designavit,
502 1219 550 1257 et
583 1212 798 1258 Caesaris
843 1214 1159 1275 appellatione
1203 1213 1421 1272 donavit,
1466 1219 1514 1260 et
1555 1211 1819 1260 sevirum
1861 1211 2072 1259 turmis
2116 1206 2374 1274 equitum
2417 1212 2533 1260 Ro-

170 1302 464 1332 manorum
512 1285 621 1330 iam
672 1287 977 1330 consulem
1027 1288 1406 1349 designatum
1449 1287 1708 1343 creavit,
1759 1292 1817 1331 et
1860 1285 2066 1331 edenti
2108 1300 2231 1332 cum
2274 1287 2532 1350 collegis

170 1360 344 1406 ludos
395 1358 698 1405 sevirales
747 1358 1033 1404 assedit“.
1108 1362 1171 1406 Et
1213 1377 1307 1405 non
1349 1360 1489 1404 modo
1531 1360 1625 1404 Dio
1673 1361 1704 1404 l.
1748 1360 1779 1403 l.
1823 1360 1887 1403 Μ.
1930 1360 2172 1404 Aurelium
2222 1375 2324 1404 cum
2372 1361 2535 1404 turmis

169 1430 375 1494 equitum
401 1431 449 1478 in
478 1431 629 1479 forum
657 1431 947 1494 processisse
975 1431 1242 1495 scribit,¹⁰⁵)
1276 1432 1361 1479 sed
1387 1431 1577 1478 disertis
1607 1430 1766 1477 verbis
1787 1431 2008 1488 Zonaras,
2042 1447 2176 1492 quem
2206 1448 2366 1479 omnes
2399 1450 2535 1495 prae-

168 1504 487 1561 terviderunt‚
532 1505 670 1550 etiam
704 1504 891 1562 Gaium,
928 1506 1188 1567 principem
1221 1504 1502 1561 iuventutis,
1546 1504 1752 1551 sevirum
1784 1509 2038 1558 turmarum
2073 1503 2219 1551 fuisse
2253 1505 2426 1552 retulit.
2456 1505 2534 1566 ¹⁰⁶)

169 1579 239 1621 Ac
271 1577 454 1632 nescio,
497 1592 555 1620 an
587 1578 696 1622 inde
741 1578 955 1622 videatur
996 1579 1348 1640 explicandum,
1392 1578 1539 1637 quod,
1587 1590 1727 1637 quum
1759 1575 1809 1621 in
1850 1575 2230 1637 inscriptionibus
2272 1577 2532 1624 sevirorum

169 1650 344 1695 mentio
378 1650 601 1709 frequens
635 1649 719 1706 sit,
762 1656 918 1695 tamen
951 1650 1129 1711 primae
1172 1657 1350 1696 turmae
1395 1649 1523 1695 sevir
1563 1647 1801 1694 rarissime
1845 1647 2135 1696 inveniatur:
2164 1650 2242 1711 ¹⁰⁷)
2286 1651 2378 1697 nisi
2409 1652 2533 1697 forte

169 1722 219 1768 id
251 1738 364 1768 casu
397 1722 569 1767 factum
604 1729 701 1779 est,
743 1738 883 1783 quum
918 1723 1057 1769 etiam
1091 1729 1254 1769 sextae
1288 1729 1467 1768 turmae
1511 1719 1639 1767 sevir
1680 1735 1906 1781 nusquam
1947 1730 2346 1770 commemoretur.
2410 1725 2533 1770 Illud

173 1800 335 1839 contra
367 1810 454 1855 pro
489 1795 735 1856 explorato
768 1795 944 1851 habeo,
987 1795 1045 1840 ad
1078 1795 1327 1840 seviralem
1359 1800 1638 1856 potestatem
1672 1793 1935 1855 principum
1968 1794 2224 1842 iuventutis
2268 1811 2373 1842 esse
2406 1796 2533 1843 refe-

173 1866 394 1921 rendum,
428 1866 575 1925 quod,
613 1866 831 1926 quamdiu
864 1883 1160 1913 successores
1194 1874 1371 1913 tantum
1403 1866 1613 1927 imperii,
1648 1866 1772 1926 iique
1805 1881 1898 1911 non
1931 1866 2022 1911 nisi
2054 1867 2370 1930 iuniores,¹⁰⁸)
2403 1871 2533 1931 prin-

176 1939 306 2000 cipes
340 1937 597 1984 iuventutis
630 1939 788 1996 fuere,
826 1939 1000 1985 nummi
1033 1955 1193 1987 eorum
1227 1946 1370 2000 typos
1404 1944 1671 1998 equestreS,
1707 1938 1907 1994 hastam,
1942 1939 2185 2000 clypeum,
2219 1941 2422 2002 equitem
2455 1960 2531 1988 re-

176 2016 492 2073 praesentent,
527 2011 584 2056 ad
611 2012 866 2058 solemnem
899 2012 1221 2059 decursionem
1256 2011 1460 2073 equitum
1488 2010 1803 2073 pertinentes:
1837 2016 2082 2073 postquam
2108 2019 2261 2061 autem
2295 2014 2385 2060 sibi
2417 2014 2534 2076 ipsis

183 2181 241 2219 Μ’)
265 2179 358 2220 Lips.
382 2179 425 2211 de
447 2190 556 2222 magn.
582 2181 679 2213 Rom.
703 2182 735 2220 4,
758 2180 780 2212 ⁸2
803 2193 834 2224 p.
859 2182 924 2215 452
949 2182 1000 2213 ecl.
1026 2180 1082 2213 sol.
1438 2182 1509 2214 urci
1532 2182 1780 2224 πρόκριιον
1801 2181 1997 2223 ἀπέφηνε
2022 2183 2089 2221 τῆς
2112 2184 2325 2222 νεότητος,
2349 2185 2534 2227 ἴλαρχόν

1439 2238 1480 2258 τε
1504 2238 1525 2266 q
1540 2225 1636 2264 υλῆς
1658 2226 1869 2267 γενέσθαι
1893 2227 2040 2268 ἑπένρε
2055 2234 2122 2265 ipe·
2146 2228 2201 2257 καὶ
2221 2228 2290 2268 μετ’
2308 2230 2455 2259 ἐνιαυτόν
2476 2230 2531 2260 καὶ

1440 2268 1457 2298 ὁ
1482 2270 1618 2301 Λούκιος
1640 2268 1695 2300 τοὶς
1717 2268 1822 2310 τιμάς,
1846 2267 1921 2299 ὅσαι
1944 2267 1988 2299 τῶ
2003 2272 2096 2310 Γαΐῳ
2120 2268 2165 2311 τῷ
2187 2270 2319 2314 ἀδελφῷ
2342 2270 2439 2302 αὐτοῦ
2462 2272 2531 2303 ἐδί-

1440 2310 1559 2349 δοντο,
1587 2311 1710 2351 ἔλαβεν.
1755 2309 1797 2342 cf.
1821 2320 1908 2351 quae
1931 2299 1976 2342 ad
1999 2310 2106 2342 Taciti
2130 2311 2241 2343 locum
2263 2312 2306 2344 de
2330 2314 2533 2345 Germanico

184 2245 241 2285 ¹0¹)
266 2241 345 2275 Non
377 2243 503 2276 diserte
534 2245 621 2284 dixi,
653 2246 743 2287 quod
798 2257 837 2278 er
868 2257 904 2279 se
936 2248 1150 2288 intelligitur,
1183 2249 1313 2290 equites

223 2296 310 2325 equo
343 2297 374 2326 p.
399 2287 573 2318 militarem
596 2293 739 2320 aetatem
796 2289 898 2322 abere
921 2289 1098 2329 debuisse,
1133 2290 1152 2322 i.
1178 2301 1207 2323 e.
1232 2291 1312 2323 duo·

222 2329 384 2370 ‹ieviginti
406 2340 580 2361 annorum.
624 2330 694 2363 Dio
716 2334 770 2371 52,
798 2332 846 2365 18.
893 2333 934 2365 cf.
961 2344 993 2375 p.
1020 2335 1069 2366 ll.
1093 2335 1148 2366 23.

1441 2352 1509 2383 dixi
1533 2362 1566 2393 p.
1589 2352 1641 2383 71.

182 2395 242 2435 ¹⁰²)
266 2391 390 2424 Manu·
413 2391 497 2424 ⁴4⁰⁶·
520 2391 540 2424 ¹·
564 2391 586 2425 Ι·
1402 2419 1459 2453 ¹⁰³)
1485 2415 1573 2448 Citat
1595 2415 1741 2456 lapidem
1767 2427 1841 2448 cum
1866 2415 1932 2448 hac
1954 2417 2052 2450 inscr.
2076 2419 2192 2450 nescio
2217 2419 2305 2451 unde
2322 2419 2465 2452 Casaub.
2489 2421 2532 2452 ad

182 2459 240 2499 ¹⁰³)
266 2456 412 2508 Lampr.⁶
438 2456 564 2489 Comm.
592 2460 631 2497 l,
663 2459 694 2491 2.
749 2457 998 2502 Cooptatus
1029 2461 1118 2493 inter
1149 2461 1314 2494 trossulos
1443 2458 1586 2500 Capitol.
1610 2458 1662 2492 M.
1686 2460 1763 2491 Ant.
1796 2458 1852 2501 ph.
1876 2460 1908 2493 6.
1955 2459 1989 2493 ln
2017 2461 2248 2505 Scaligeriuno
2279 2462 2322 2494 ad
2356 2463 2535 2496 Gruterum

219 2501 379 2542 princeps
402 2501 583 2533 iuventutis
607 2506 669 2534 est.
1443 2502 1554 2534 indice
1576 2507 1688 2534 autem
1712 2502 1767 2543 qui
1791 2503 1913 2535 citatur
1935 2503 2050 2543 locus,
2075 2516 2193 2537 errore
2216 2505 2467 2549 typographico
2490 2507 2535 2538 ita

181 2565 238 2606 ¹04)
263 2574 297 2596 v·
322 2568 392 2596 not·
417 2562 473 2596 94·
1289 2579 1298 2588 ,
1441 2545 1608 2577 indicatus
1632 2549 1704 2584 est,
1732 2550 1766 2577 ut
1791 2556 1866 2578 eum
1890 2545 1946 2579 diu
1971 2558 2137 2590 quaerens
2161 2559 2228 2581 non
2251 2548 2448 2581 invenerim.

181 2630 239 2671 ¹⁰5)
263 2628 333 2660 1)Ῑο
361 2628 398 2660 7¹
454 2627 507 2662 35·
553 2628 609 2661 καὶ
638 2640 662 2660 π
686 2630 722 2660 dx
744 2641 793 2661 ‘m
842 2631 879 2661 Τ.
925 2631 1051 2662 tanda«,
1114 2631 1122 2642 ,
1167 2632 1191 2663 δ
1243 2635 1268 2662 3
1290 2632 1298 2642 ,
1402 2608 1523 2684 ”QUO
1542 2614 1581 2660 ‘et
1603 2608 1642 2641 L.
1659 2608 1870 2662 §aestu-ibus
1894 2616 2108 2662 praematura
2139 2618 2249 2645 morte
2272 2613 2446 2646 exstinctis
2468 2624 2536 2646 non

220 2673 352 2711 ἐξῆλθεν
364 2673 397 2706 ἐς
412 2654 471 2712 'vir
484 2672 548 2715 ἀγο
573 2672 615 2703 ἂν
635 2640 940 2712 μῖιάρῖῶὶλοίῐτξών
955 2674 1007 2713 (sc
1030 2641 1173 2715 finge)
1189 2642 1316 2707 ἵέἰπῗς
1470 2652 1593 2684 uberius
1618 2662 1772 2694 princeps
1796 2655 1979 2687 iuventutis
2004 2654 2112 2687 dictus
2136 2661 2206 2695 est,
2239 2666 2357 2698 quum,
2392 2656 2534 2698 adeptus

219 2717 354 2760 Katane
379 2716 434 2747 ὧν.
551 2684 570 2717 ρ
1009 2698 1015 2704 ”
1293 2687 1313 2720 ρ
1440 2695 1887 2772 ἑιέίὶἷιιῐίιὲἓὶἓιιὲὶιξὶιὲιῑιίεῐηῑὸἳι,
1910 2697 1976 2730 iam
1994 2708 2136 2773 σοιίξοτῗ
2159 2698 2274 2773 sqzctus5
2285 2705 2377 2775 0⁸th
2395 2699 2437 2730 im
2453 2699 2536 2773 iterii,

182 2778 240 2819 100)
264 2778 387 2829 Zonar3
416 2778 467 2829 19,
491 2777 543 2811 35.
569 2788 601 2820 p.
625 2777 690 2810 5:3ss
714 2778 752 2810 A.
774 2821 782 2829 ·
801 2778 882 2809 Par.
906 2788 936 2819 p.
961 2780 1023 2812 407
1048 2778 1089 2811 B.
1115 2780 1200 2812 Ven.
1223 2780 1313 2813 haud
1440 2780 1550 2813 Titum
1572 2764 1712 2824 accepta
1736 2750 2259 2825 tribuniefiaqssofgstatzndzsussse
2283 2752 2538 2827 {wine-‘pomuibn-

220 2820 319 2852 dubie
343 2820 462 2853 Diouis
494 2821 605 2853 locum
641 2819 855 2861 deperditum
887 2826 1039 2853 secutus:
1072 2824 1115 2866 τῷ
1138 2825 1175 2855 δ’
1202 2826 1314 2866 ἐφεξῆς
1440 2824 1590 2856 ventutis
1614 2825 1794 2869 appellari,
1828 2826 1988 2858 observat
2014 2826 2144 2860 Eckhe!
2174 2827 2249 2860 vm
2282 2839 2313 2870 p.
2337 2827 2402 2862 375
2415 2839 2446 2860 a.
2480 2829 2533 2871 qui

219 2865 283 2897 Iun
314 2864 500 2897 δωδέκατον
533 2864 702 2897 ὑπατεύων
732 2864 749 2897 ὁ
777 2864 979 2907 Αὔγουστος,
1014 2868 1047 2899 ἐς
1068 2866 1140 2901 τούς
1173 2870 1313 2908 ἐφήβους
1439 2874 1629 2900 ceterorum
1695 2880 1805 2910 noque
1843 2871 2029 2911 principum
2068 2872 2250 2902 iuventutis
2289 2870 2477 2913 catalogum
2517 2883 2537 2903 ο

221 2908 276 2938 τὸν
303 2910 409 2938 Γαῖον
438 2910 543 2946 ἔταξε,
578 2909 634 2939 καὶ
665 2909 699 2940 ἐς
730 2907 766 2939 rei
795 2908 1025 2952 βουλευτήριον
1055 2908 1124 2949 ἅμα
1159 2912 1312 2954 ἐσήγαγε,
1438 2911 1579 2943 nummis
1603 2921 1667 2944 con
1683 2911 1758 2943 ecit.
