2720 3402
186 144 284 198 os

188 296 286 336 tum
330 288 436 335 fieri
469 289 645 352 potuit,
691 288 873 350 equites
916 288 985 336 R:
1017 303 1090 349 eq.
1135 306 1182 351 p.
1224 279 1581 352 recuperarent,
1627 283 1903 344 ceterisque
1926 284 2104 330 honore
2148 289 2287 343 atque
2329 283 2553 347 dignitate

187 363 545 425 praecellerent.
608 363 790 409 Eodem
824 361 1019 409 consilio
1053 361 1413 409 transvectionis
1448 375 1622 407 morem
1654 356 1856 404 reduxit.
1880 356 1941 417 ²⁴)
2069 417 2073 421 .

397 435 442 480 2.
485 434 571 480 Bis
605 434 728 481 enim
761 436 924 481 urbem
959 436 1228 497 spectaculo
1262 434 1335 481 sui
1369 431 1599 493 equestris
1632 429 1808 477 ordinis
1840 429 2132 475 iuventutem
2176 428 2388 474 omnibus
2423 428 2555 474 annis

191 508 481 562 celebrasse,
514 506 856 568 Lupercalibus
890 514 1031 567 atque
1062 508 1227 554 Idibus
1259 506 1417 563 Iuliis,
1449 504 1666 551 Valerius
1697 501 1932 548 Maximus
1965 507 2127 547 auctor
2159 507 2244 546 est.
2268 500 2329 562 ²⁵)
2394 499 2463 545 Ac
2496 501 2555 545 de

193 579 288 624 illis
322 579 509 636 quidem
545 579 663 625 nihil
697 585 947 641 praeterea
979 579 1202 626 traditum
1234 578 1420 635 inveni,
1461 576 1551 624 nisi
1584 576 1707 621 forte
1737 573 1935 619 iuvenes
1967 572 2061 628 illi,
2104 573 2184 631 qui
2215 572 2556 633 Lupercalibus

194 651 241 696 in
273 650 528 710 Lupercali
560 650 609 696 in
641 652 804 697 Panos
835 652 1062 697 honorem
1097 668 1227 697 sacra
1260 649 1517 706 faciebant,
1538 647 1598 709 ²⁶)
1632 645 1813 705 equites
1846 650 2002 701 erant,
2037 651 2117 690 aut
2148 660 2279 691 sacra
2309 643 2405 698 illa,
2438 658 2558 702 quae

195 721 253 768 ad
307 722 502 769 Celeres
555 722 666 769 olim
719 723 1008 785 pertinuisse
1062 723 1322 784 Dionysius
1377 720 1562 777 scribit,
1583 719 1644 780 ²²)
1696 733 1799 763 cum
1851 716 1926 762 his
1979 716 2223 762 coniuncta
2271 717 2473 762 fuerunt.
2496 715 2558 775 ²⁸)

193 793 357 839 Idibus
383 794 532 841 Iulius
566 795 796 842 solemnia
822 796 1068 843 Castorum
1102 795 1470 848 celebrabantur,
1504 792 1758 850 eodemque
1791 788 1868 835 die
1901 793 1949 834 et
1982 788 2123 834 aedes
2148 787 2371 844 Castoris,
2405 804 2445 833 a.
2464 786 2559 833 496

197 882 237 911 a.
272 866 386 911 Chr.
416 866 655 923 dedicata,
678 867 741 929 ²⁹)
791 882 926 928 quam
958 867 1128 913 Latino
1175 867 1300 912 bello
1343 863 1543 910 dictator
1574 860 1874 909 Posthumius
1916 866 2136 918 voverat,
2186 866 2235 906 et
2275 857 2559 907 transvectio

196 936 398 999 primum
432 945 559 994 acta,
594 939 697 986 sive
732 940 812 985 illa
845 943 901 985 ab
935 941 1100 985 eodem
1133 939 1384 991 dictatore,
1419 951 1536 995 quae
1570 934 1789 994 Dionysii
1822 939 1895 979 est
1927 933 2182 988 sententia,
2218 938 2327 994 post
2358 936 2560 993 pugnam

198 1010 258 1055 ad
287 1010 541 1072 Regillum,
559 1012 620 1073 ³⁰)
654 1012 772 1065 sive,
804 1018 855 1057 ut
883 1011 1052 1057 Livius
1085 1010 1163 1067 ait,
1198 1026 1225 1057 a
1251 1011 1309 1072 Q.
1338 1008 1488 1055 Fabio
1518 1006 1723 1054 Maximo
1757 1022 1797 1052 a.
1825 1005 1919 1051 305
1952 1021 1991 1051 a.
2020 1005 2129 1051 Chr.
2163 1004 2374 1050 instituta
2407 1000 2561 1064 est.³¹)

199 1083 364 1129 Idibus
398 1083 544 1145 igitur
573 1083 886 1145 Quintilibus,
925 1082 1129 1144 peractis
1162 1080 1421 1144 magnificis
1454 1080 1502 1126 in
1539 1080 1655 1126 aede
1689 1080 1932 1124 Castorum
1975 1094 2061 1139 per
2092 1078 2323 1139 primores
2356 1076 2562 1136 equit-um

201 1155 465 1211 sacrificiis,
509 1170 726 1216 pompam
759 1155 989 1200 ducebant
1021 1155 1204 1214 equites
1247 1170 1367 1214 equo
1410 1151 1622 1213 publico;
1645 1151 1706 1212 ³²)
1756 1150 1896 1196 divisi
1938 1150 1985 1196 in
2030 1165 2116 1195 sex
2147 1156 2347 1203 turmas,
2391 1147 2561 1194 seviris

202 1227 409 1286 equitum
442 1227 754 1272 Romanorum
790 1226 1075 1286 ducibus,³³)
1110 1243 1196 1271 suo
1230 1226 1425 1286 quisque
1460 1225 1646 1280 ordine',
1681 1224 1813 1284 quasi
1846 1240 1873 1269 e
1907 1239 2063 1285 pugna
2095 1223 2395 1283 redirent,³⁴)
2429 1237 2562 1267 coro-

202 1298 298 1344 nati
332 1298 498 1344 fronde
532 1298 768 1359 oleagina,
792 1298 852 1360 ³⁵)
887 1297 1060 1344 trabeis
1093 1297 1269 1355 induti,
1293 1298 1354 1359 ³⁰)
1388 1297 1571 1343 initium
1604 1311 1803 1358 pompae
1837 1296 2063 1341 facientes
2097 1311 2124 1341 a
2156 1295 2355 1355 quodam
2387 1294 2563 1355 templo

207 1468 252 1510 ²⁴)
275 1468 372 1501 Suet.
398 1464 476 1500 oct.
501 1467 559 1502 38.

1470 1467 1557 1500 idem
1571 1465 1713 1518 Dionys.
1727 1468 1759 1506 7,
1772 1466 1815 1499 72
1827 1476 1859 1507 p.
1877 1464 1960 1498 1485
1973 1464 2013 1497 R.
2049 1465 2159 1517 ἱπῃεῖς
2177 1464 2250 1508 μέν,
2272 1465 2389 1507 inquit,
2411 1464 2478 1497 κατ’
2495 1466 2564 1500 ἴλας

207 1532 253 1573 ²³⁵)
276 1530 310 1571 2,
331 1529 367 1571 2,
389 1530 424 1563 9.

1469 1522 1502 1544 τε
1520 1511 1574 1542 καὶ
1592 1521 1677 1543 κατα
1693 1511 1819 1553 λόχους,
1842 1509 1934 1547 πεζοὶ
1955 1508 1992 1541 δὲ
2012 1520 2096 1540 κατα
2117 1510 2305 1553 συμμορίας
2323 1520 2356 1541 τε
2374 1509 2431 1542 καὶ
2453 1510 2564 1547 τάξεις.

210 1597 254 1637 ²⁶)
278 1595 386 1628 Varro
409 1594 453 1627 de
476 1594 516 1627 L.
540 1594 580 1627 L.
603 1596 635 1636 4,
662 1595 711 1630 13.
757 1595 790 1636 5,
814 1597 845 1630 3.

211 1661 312 1712 ²⁷)fl,
334 1658 377 1691 64
396 1670 428 1702 p.
440 1661 505 1693 372
520 1659 561 1692 R.
597 1660 654 1699 τὴν
676 1660 714 1693 δὲ
737 1663 850 1706 τρίτην
872 1660 954 1702 (τῶν
968 1660 1179 1707 ἱερουργιῶν)
1203 1660 1349 1715 ζιᾶταξιν

252 1703 399 1737 αηέδωκε
430 1705 509 1756 τοῖς·ἱ
523 1703 665 1747 ἡγεμόσι
689 1705 753 1738 τῶν
777 1706 933 1749 κελερίων
952 1722 997 1729 -
1018 1707 1074 1739 καὶ
1096 1704 1163 1750 yde
1188 1717 1277 1738 ουτοι
1300 1717 1349 1737 τε-

250 1749 418 1790 ταγμένας
439 1758 528 1781 τινας
550 1749 745 1791 ἱερουργίας
767 1750 945 1780 ἐπετέλουν.

214 1810 259 1851 ²⁶)
282 1807 414 1841 Nescio
436 1819 480 1841 an
502 1809 647 1850 antiquis
670 1814 736 1841 tem
764 1809 878 1842 oribus
900 1807 1052 1850 Neptuni
1074 1807 1253 1849 Equestris
1284 1807 1350 1850 (cs.

254 1851 331 1885 Liv.
360 1851 390 1893 1,
412 1852 445 1885 9.
491 1850 636 1884 Diodor.
654 1853 686 1892 5,
752 1853 768 1895 )
793 1851 904 1884 cultus
924 1851 968 1883 ad
992 1851 1122 1893 equites
1146 1852 1353 1892 pertinuerit.

254 1895 426 1927 Fortunae
449 1896 596 1937 equestri
619 1905 649 1927 a.
670 1894 713 1926 22
736 1906 772 1937 p-
794 1894 870 1927 Chr.
894 1905 956 1936 pro
982 1893 1167 1926 valitudine
1181 1894 1354 1937 Augustae

253 1937 395 1979 Equites
418 1937 564 1970 Romani
586 1937 714 1970 donum
736 1942 874 1970 vovent.
910 1936 992 1969 Tac.
1010 1937 1098 1969 Anu.
1119 1938 1155 1977 3,
1176 1936 1233 1971 71.
1254 1943 1287 1970 et
1311 1937 1353 1969 de

254 1980 390 2014 fortuna
413 1979 573 2022 Equestri
596 1981 741 2024 interpp.
765 1981 809 2013 ad
834 1980 866 2013 h.
890 1980 910 2012 Ι.

214 2046 258 2087 ²⁹)
283 2044 361 2077 Liv.
382 2043 417 2084 2,
438 2043 495 2078 42.

213 2111 258 2149 ³⁰)
282 2108 426 2150 Dionys.
450 2109 483 2147 6,
511 2110 554 2141 13
573 2120 605 2150 p.
633 2108 718 2141 1068
740 2109 780 2139 R.
815 2118 912 2149 quem
936 2109 968 2139 in
993 2107 1224 2148 descriptione
1247 2112 1354 2139 trans-

255 2151 421 2183 vectionis
444 2156 580 2183 secutus
604 2161 696 2190 sum,
720 2150 916 2192 quibusdam
941 2151 1077 2182 aliunde
1098 2150 1233 2182 additis.

215 2217 260 2257 ³¹)
284 2214 359 2247 Liv.
383 2216 416 2253 9,
439 2214 496 2247 46.
540 2215 651 2247 Valer.
675 2214 772 2247 Max.
797 2217 831 2256 2,
853 2215 889 2255 2,
910 2215 942 2247 9.
990 2216 1069 2247 Aur.
1096 2214 1184 2247 Vict-
1207 2215 1263 2248 32.

215 2283 366 2360 τήἅὲῗῗ
387 2282 544 2358 'fta-mula
558 2295 659 2359 ³3:121!
670 2294 722 2361 oU
759 2284 1241 2360 ῃὴΙῦςίρῖῐῑξῑειηίἕεςηῑιιίε
1276 2289 1353 2344 est.

256 2369 318 2409 „ln
342 2351 393 2401 ius
402 2338 540 2401 nvocaii·
556 2339 624 2402 noli
647 2339 842 2412 'oporissiul-
860 2339 1014 2409 ¹—ffeuniJ
1030 2371 1084 2412 qui
1108 2338 1196 2412 {qim
1220 2338 1356 2413 iiimli‘cli

257 2413 291 2445 in
316 2423 418 2444 causa
441 2412 572 2453 publica
596 2413 638 2454 (l.
656 2414 689 2445 in
703 2413 903 2455 Capitolium
928 2414 969 2446 cs.
984 2414 1097 2446 Cuiac.
1113 2413 1215 2446 obss.
1233 2415 1282 2452 13,
1295 2413 1354 2453 29)

258 2454 541 2487 transvehatur“.
599 2455 640 2489 cs.
676 2458 771 2489 Suet.
807 2455 884 2490 Oct.
920 2457 972 2490 38.
1030 2481 1052 2496 ‚,
1062 2455 1185 2498 Neque
1221 2455 1355 2488 detrahi

259 2509 461 2541 quemquam
493 2499 526 2531 in
553 2499 804 2533 transvehendo
828 2500 871 2533 ab
893 2505 1093 2532 accusatore
1115 2510 1237 2543 passus
1261 2502 1354 2532 est“.

218 2570 264 2609 ⁸³)
288 2567 446 2610 Dionysii
468 2567 575 2599 verba
598 2573 673 2599 suunt
695 2568 778 2601 κατὰ
799 2569 903 2611 φυλάς
924 2580 957 2601 τε
979 2570 1035 2600 καὶ
1058 2569 1174 2611 λόχους
1196 2579 1355 2613 κεκοσμη-

258 2613 372 2655 μένοι,
401 2621 490 2653 quae
513 2610 669 2643 Reiskius
691 2612 928 2652 interpretatur
960 2612 1156 2643 tributim
1187 2617 1224 2643 et
1256 2622 1354 2643 ceu-

260 2654 458 2686 turiatim
491 2653 715 2685 distincti.
760 2654 829 2685 Sed
854 2664 1042 2696 quanquam
1074 2666 1127 2694 ap.
1153 2654 1296 2688 Dionvs.
1321 2655 1353 2693 4,

263 2696 304 2729 18
335 2708 370 2740 p.
398 2696 459 2731 681
494 2697 535 2730 R.
566 2697 787 2729 ὀκτωκαίδεκα
816 2699 909 2740 λόχοι
937 2702 1014 2728 sum
1037 2697 1146 2729 xvm
1171 2692 1354 2737 cent'uriae,

261 2740 482 2771 turmatim
505 2745 618 2772 aunem
642 2739 717 2771 aliis
740 2739 824 2771 locis
847 2739 948 2771 vertit
972 2741 1054 2771 nme?
1075 2743 1154 2781 τέλη,
1178 2742 1226 2782 (v.
1243 2743 1274 2781 4,
1298 2740 1353 2779 22,

261 2792 293 2825 p.
316 2782 390 2817 690.
425 2782 458 2822 5,
482 2783 536 2822 46,
560 2792 593 2825 p.
618 2781 680 2815 951
700 2781 759 2824 R.)
784 2788 894 2815 tamen
918 2788 950 2815 et
975 2788 1088 2816 notum
1112 2790 1162 2816 est
1188 2785 1354 2817 turmatim

259 2827 293 2858 in
316 2827 568 2859 transvectione
591 2826 722 2868 equites
745 2826 939 2865 incessisse,
963 2827 1019 2866 (v.
1044 2827 1122 2859 Tac.
1137 2829 1223 2861 Anu.
1246 2827 1277 2866 2,
1300 2827 1354 2860 83.
1396 2819 1399 2850 ἶ

258 2869 370 2901 Varro
393 2869 437 2901 de
460 2869 500 2901 L.
524 2869 564 2901 L.
588 2870 620 2903 5,
644 2869 689 2903 93
712 2869 836 2910 Speng.
877 2869 986 2900 Pau-m
1011 2880 1082 2901 exc.
1109 2882 1140 2911 p.
1169 2871 1230 2903 153
1256 2870 1352 2903 Liud.

261 2911 382 2944 Festus
404 2922 437 2954 p.
461 2912 526 2945 270
549 2911 646 2944 Lina.
692 2912 822 2944 Statius
844 2911 884 2951 5,
907 2914 948 2951 2,
975 2913 1014 2945 18
1037 2918 1069 2944 et
1093 2913 1148 2945 alii
1174 2914 1289 2955 multi)
1323 2919 1355 2945 et

1471 1552 1565 1586 Nihil
1594 1552 1686 1585 aliud
1712 1558 1825 1585 autem
1856 1562 1933 1583 esse
1962 1553 2066 1594 φυλήν
2085 1555 2188 1593 atque
2214 1553 2284 1591 ἴλην
2308 1552 2329 1583 i.
2354 1562 2384 1584 e.
2408 1556 2564 1591 turmam,

1473 1595 1632 1635 ostendit,
1657 1606 1699 1628 ne
1722 1595 1807 1628 alios
1830 1594 1980 1634 afferam,
2007 1596 2141 1639 ἴλαρχος
2162 1595 2261 1637 φυλῆς
2283 1594 2302 1627 i.
2327 1604 2357 1626 e.
2381 1595 2474 1626 sevir
2496 1599 2564 1626 tur·

1474 1649 1600 1671 marum
1625 1639 1754 1681 eqq.R.
1768 1648 1822 1680 ap.
1838 1638 2006 1670 Zonaram
2032 1637 2084 1677 10,
2107 1637 2150 1671 35
2173 1647 2206 1679 p.
2230 1636 2293 1670 407
2309 1636 2352 1670 Β.
2377 1637 2430 1670 ed.
2445 1637 2563 1670 Venet.

1475 1684 1566 1725 λόχοι
1597 1681 1755 1715 decuriae
1785 1686 1872 1714 sum.
1927 1679 1998 1713 Sed
2029 1685 2157 1713 turmas
2190 1681 2386 1723 sevit-osque
2420 1682 2566 1723 equium!

1476 1726 1706 1757 Romanorum
1730 1725 1843 1762 fuisse,
1867 1734 1909 1756 ex
1932 1723 2204 1764 inscriptionibus
2225 1723 2307 1755 solis
2330 1724 2506 1765 colligitur,
2532 1725 2566 1755 in

1478 1766 1597 1808 quibus
1621 1771 1696 1797 sunt
1727 1765 1782 1797 Vl
1813 1766 1879 1797 vir
1907 1764 1977 1806 Eq.
2009 1764 2051 1796 R.
2083 1769 2164 1797 tur.
2187 1764 2234 1798 11.
2266 1763 2373 1798 Orell.
2404 1776 2436 1798 n.
2469 1765 2565 1799 3044.

1478 1808 1601 1841 sevir
1635 1814 1802 1841 turmae
1834 1807 2058 1840 secundae
2087 1806 2194 1842 Orell.
2225 1819 2257 1841 n.
2280 1808 2376 1842 3046.
2421 1808 2476 1842 Vl
2499 1809 2566 1842 vir

1479 1852 1672 1892 equitum
1707 1851 1880 1883 Roman.
1916 1857 2034 1883 turm.
2070 1852 2201 1893 quint.
2235 1853 2331 1885 Grut.
2361 1863 2394 1895 p.
2417 1852 2501 1891 393,
2533 1852 2564 1884 6.

1481 1894 1576 1932 1093,
1599 1896 1632 1927 7.
1676 1895 1795 1926 sevir
1821 1899 1992 1926 turmar.
2017 1904 2076 1936 eq.
2100 1893 2216 1927 Rom.
2240 1894 2336 1927 Grut.
2360 1905 2392 1937 p.
2416 1894 2502 1935 436,
2535 1897 2565 1929 7.

1478 1937 1596 1970 sevir
1630 1937 1820 1980 equitum
1851 1937 1964 1970 Rom.
1994 1936 2089 1970 Grut.
2120 1949 2153 1980 p.
2186 1939 2289 1978 1101,
2324 1939 2355 1974 8.
2404 1937 2505 1978 1102,
2534 1939 2567 1973 3.

1480 1981 1521 2012 cf.
1545 1980 1669 2013 Marini
1692 1982 1762 2012 Atti
1787 1981 1800 2011 l
1829 1991 1859 2021 p.
1886 1981 1958 2014 146.
2003 1980 2043 2018 2,
2071 1991 2102 2021 p.
2128 1981 2202 2013 755.
2226 1981 2269 2013 ab
2292 1981 2400 2022 iisque
2419 1981 2491 2014 ludi
2516 1992 2565 2011 se-

1480 2023 1602 2056 w'rales
1632 2022 1898 2056 celebrabantur.
1953 2021 2097 2066 Capitol.
2126 2033 2160 2056 v.
2191 2022 2242 2057 Μ.
2275 2023 2351 2057 Ant.
2384 2023 2506 2068 philos.
2534 2023 2565 2056 (i.

1478 2067 1587 2099 Etiam
1618 2066 1748 2099 Plinius
1776 2067 1944 2099 secundus
1973 2068 2067 2098 sevir
2097 2068 2244 2107 equitum
2274 2068 2346 2099 fuit.
2402 2078 2435 2098 v.
2468 2069 2566 2099 inser.

1480 2108 1771 2141 Mediolanensem
1798 2120 1851 2152 ap.
1876 2107 1981 2143 Orell.
2006 2120 2036 2141 u.
2064 2108 2157 2143 1172.

1439 2180 1483 2220 ³⁴)
1506 2178 1658 2210 Zosimus
1690 2177 1729 2217 2,
1761 2177 1813 2210 29.
1859 2179 1912 2217 τῆς
1943 2178 1980 2211 δέ
2008 2180 2149 2222 πατρίου
2174 2180 2418 2220 καταλαβούσης
2450 2180 2570 2223 ἑορτῆς,

1480 2223 1555 2253 καθ’
1576 2218 1616 2261 ἦν
1637 2222 1760 2264 ἀνάγκη
1783 2221 1825 2262 »ἶν
1847 2222 1884 2254 τὸ
1905 2224 2130 2264 στρατόπεδον
2151 2222 2318 2265 (intelligit
2336 2228 2461 2254 turmas
2477 2226 2569 2264 eqq.)

1480 2265 1563 2296 ἰέναι
1585 2266 1631 2299 εἰς
1654 2265 1690 2297 τό
1710 2266 1922 2297 Καπιτώλιον
1947 2276 1976 2297 κ.
2000 2277 2027 2297 τ.
2047 2266 2074 2297 λ.

1440 2330 1487 2370 ²³)
1511 2328 1596 2360 pun.
1620 2328 1661 2360 n.
1685 2327 1729 2360 N.
1756 2327 1808 2368 15,
1828 2330 1860 2361 5.

1440 2399 1486 2439 ³⁶)
1511 2397 1565 2428 De
1587 2397 1703 2428 trabea
1725 2398 1893 2437 copiosius
1918 2408 2016 2438 eptam
2040 2397 2217 2429 dilucidius
2245 2403 2364 2430 contra
2387 2398 2572 2430 Rubenium

1482 2439 1529 2472 de*
1548 2439 1620 2515 {ato
1641 2440 1738 2516 cllaivo
1764 2440 1800 2480 l,
1830 2440 2237 2517 &lcffliputahgerfitrius
2268 2450 2300 2514 :p
2330 2440 2432 2492 anall.
2461 2441 2505 2472 de
2536 2452 2573 2472 re

1483 2493 1547 2516 ves
1565 2508 1572 2515 .
1608 2494 1628 2515 i.
1717 2494 1733 2515 s
1759 2494 1788 2516 t.
1837 2509 1845 2516 .
1937 2508 1947 2515 .
1981 2496 2001 2515 b.
2083 2509 2090 2515 .
2161 2495 2225 2516 auc
2247 2495 2269 2515 a
2315 2495 2345 2514 e(
2361 2489 2445 2514 uites
2469 2495 2523 2515 e«.
2551 2495 2570 2514 ι.

1483 2494 1624 2567 proprie
1640 2493 1887 2568 1»ertui¹ei-e‚p‹1ui
1904 2495 1980 2558 Med
1996 2526 2152 2558 dicuntur
2173 2526 2336 2568 agmina
2348 2495 2573 2566 'trabeaitaei,

1484 2567 1697 2611 (Sta-t.Sylv.
1718 2571 1751 2608 4,
1773 2570 1806 2608 2,
1829 2571 1888 2608 32)
1912 2568 2054 2612 Equites
2080 2569 2234 2609 trabeati,
2258 2569 2358 2610 (Tac.
2376 2570 2463 2602 Anu.
2486 2570 2521 2609 3,
2541 2570 2573 2602 2.

1483 2613 1577 2644 Suet.
1603 2611 1727 2643 Domit.
1756 2613 1803 2645 14.
1848 2612 2005 2645 Illam-ob.
2029 2613 2101 2645 Sat.
2128 2613 2159 2652 1,
2182 2613 2213 2644 5.
2256 2613 2374 2644 salon.
2398 2612 2466 2655 Ep.
2487 2612 2521 2652 8,
2542 2613 2574 2645 6.

1483 2653 1527 2687 cs.
1549 2654 1691 2687 Statium
1715 2654 1812 2698 Sylv.
1833 2655 1866 2696 5,
1890 2655 1923 2696 2,
1951 2658 2001 2691 15.

2051 2710 2118 2731 non
2142 2699 2304 2740 sanguine
2327 2704 2441 2730 cretus

1556 2738 1721 2779 'flii-mali,
1752 2741 1941 2784 trabeaque
1962 2742 2078 2779 Πρωὶ,
2109 2752 2171 2774 nec
2195 2751 2348 2785 paupere
2368 2741 2504 2782 clavo.)

1484 2783 1620 2825 egregie
1643 2783 1755 2816 docuit
1780 2784 1872 2827 Lips.
1894 2786 1939 2817 ad
1962 2786 2041 2817 Tac.
2068 2785 2088 2817 l.
2112 2785 2133 2817 Ι.
2157 2786 2213 2827 qui
2241 2784 2326 2816 hum·
2351 2785 2496 2826 equitum
2520 2794 2577 2815 ve-

1485 2832 1570 2858 stem
1600 2837 1621 2857 a
1650 2827 1797 2859 trabibus
1830 2838 2001 2870 purpurae
2032 2828 2169 2860 intextis
2202 2827 2325 2860 dicmm
2361 2837 2437 2858 esse
2468 2833 2575 2869 pultat,

1485 2875 1516 2900 et
1543 2874 1634 2900 recte
1657 2869 1735 2901 nihil
1760 2876 1910 2902 moratur
1933 2871 2236 2903 Grammaticorum
2261 2870 2417 2909 'im-enta,
2448 2869 2504 2912 qui
2529 2870 2577 2901 di-

1485 2923 1584 2945 versa
1608 2911 1800 2945 trabearum
1823 2923 1945 2956 genera
1969 2913 2105 2946 faciunt.
2145 2912 2297 2949 Quorum
2321 2913 2477 2955 princeps
2493 2914 2576 2945 Sue-
