2720 3402
1162 214 1356 277 Gap.
1416 213 1559 265 ΠΙ.

862 308 1197 376 Equites
1271 325 1460 378 equo
1531 307 1863 375 publico.

184 425 225 470 1.
259 407 449 471 Totum
482 422 625 484 igitur
658 422 868 470 ordinem
903 429 951 470 et
976 431 1262 486 purgaverat
1288 408 1526 481 cenquet
1551 421 1712 469 militia
1745 421 1991 483 splendida
2016 422 2369 466 honestaverat:
2402 419 2542 465 resti-

181 497 272 542 tuit
299 498 435 543 etiam
470 510 693 556 equorum
725 495 1020 558 publicorum
1054 498 1294 545 honorem.
1346 496 1534 544 Etenim
1569 510 1704 556 quum
1735 500 1845 556 post
1860 493 2160 540 Veientinum
2193 493 2365 538 bellum
2400 506 2543 552 eque-

185 569 271 615 stri
303 567 482 624 militia,
514 575 624 630 post
650 568 894 615 Gracchos
927 569 1179 633 privilegio
1212 570 1503 627 iudiciorum,
1536 576 1643 632 post
1672 567 1894 615 Roscium
1926 567 2126 628 denique
2161 565 2401 613 ordinibus
2430 562 2545 610 XIV

185 657 332 702 aequo
365 640 468 686 iure
502 641 683 701 equites
716 641 928 688 universi
963 643 1243 699 fruerentur,
1277 658 1369 689 una
1398 659 1451 689 re
1486 642 1719 689 etiamtum
1753 656 1779 686 a
1811 639 1981 686 ceteris
2013 639 2064 685 hi
2097 638 2389 696 differebant,
2423 634 2547 698 quod

187 712 409 776 suffragia
450 712 667 760 ferebant
707 713 757 761 in
800 714 1123 776 duodeviginti
1155 714 1392 761 centuriis.
1458 716 1727 778 Quanquam
1760 712 2050 760 comitiorum
2090 712 2194 759 iure
2236 713 2443 766 sublato,
2484 724 2544 754 ne

187 786 305 832 illud
339 786 525 847 quidem
558 786 618 832 iis
651 786 864 833 relictum
901 794 986 833 est.
1036 787 1173 848 Quod
1205 793 1361 833 tamen
1395 804 1618 848 equorum
1652 786 2028 847 assignandorum
2056 784 2244 846 publice
2271 792 2320 829 et
2344 784 2403 828 ad
2427 783 2546 827 hanc

191 875 338 919 usque
382 864 583 905 aetatem
625 858 888 905 institutum
932 865 1165 905 servatum
1200 864 1296 914 est,
1340 864 1388 905 et
1419 866 1586 922 postea
1618 858 1777 916 etiam,
1820 873 1959 919 quum
1991 857 2082 904 iam
2116 856 2197 903 diu
2230 870 2389 903 eorum
2434 867 2547 900 usus

192 932 349 978 nullus
384 937 528 988 esset,
563 931 773 988 duravit,
806 931 854 978 in
888 948 944 977 eo
977 931 1177 977 maxime
1211 938 1311 977 erat
1343 932 1574 993 positum,
1608 933 1729 993 quod
1762 931 1809 977 hi
1842 931 2047 992 equites,
2079 936 2132 977 ut
2163 931 2211 983 in
2244 928 2443 975 comitiis
2476 926 2548 972 di-

192 1004 354 1051 stincti
382 1020 409 1050 a
435 1004 630 1065 reliquis
648 1005 847 1059 fuerant,
881 1003 948 1049 sic
978 1003 1101 1050 inter
1130 1020 1182 1050 se
1210 1003 1341 1063 quasi
1369 1004 1617 1065 collegium
1645 1004 1922 1060 efficiebant,
1955 1004 2092 1064 quod,
2127 1003 2419 1048 coniunctum
2447 1014 2550 1043 cum

194 1076 341 1122 sacris
374 1076 573 1138 publicis
607 1074 961 1136 antiquissimis,
983 1076 1015 1136 ¹)
1052 1075 1409 1123 honestissimos
1444 1092 1652 1138 quosque
1686 1083 1734 1124 et
1765 1076 2166 1139 splendidissimos
2199 1073 2429 1136 equestris
2473 1088 2549 1119 or-

195 1149 319 1195 dinis
352 1149 494 1203 viros,
527 1164 694 1193 severe
728 1164 755 1193 a
776 1148 1060 1194 censoribus
1088 1150 1251 1205 lectos,
1286 1150 1696 1210 complectebatur,
1729 1165 1818 1210 quo
1844 1149 1998 1206 fiebat,
2031 1156 2084 1195 ut
2116 1156 2163 1195 et
2195 1146 2401 1194 muneris
2434 1143 2550 1191 certi

195 1229 244 1268 et
286 1221 477 1267 honoris
522 1220 674 1281 aliqua
717 1220 791 1266 his
825 1222 984 1266 umbra
1020 1227 1316 1282 superesset,
1360 1236 1450 1281 qua
1483 1221 1676 1278 callide,
1719 1228 1771 1268 ut
1803 1223 2003 1279 solebat,
2046 1222 2284 1283 Augustus
2318 1235 2430 1266 usus
2464 1224 2550 1264 est.

196 1294 320 1339 olim
355 1293 515 1352 quinto
550 1308 733 1354 quoque
765 1308 884 1338 anno
911 1309 936 1338 a
964 1293 1265 1350 Censor-ibus,
1298 1293 1420 1339 lecto
1447 1295 1673 1356 senatu,²)
1706 1293 2042 1356 recognitio
2076 1293 2281 1355 equitum
2309 1292 2431 1338 facta
2464 1295 2550 1345 est,

194 1372 247 1412 ut
280 1364 476 1426 equites,
510 1381 537 1410 a
568 1381 802 1427 praecone
835 1365 1088 1410 secundum
1121 1366 1270 1411 tribus
1292 1365 1329 1425 ³)
1363 1366 1507 1422 citati,
1525 1366 1563 1427 ⁴)
1597 1368 1822 1413 ducentes
1855 1383 1992 1413 manu
2024 1381 2206 1427 equum,
2241 1366 2299 1411 ad
2333 1364 2551 1411 sedentes

196 1438 247 1485 in
280 1439 386 1485 foro
421 1453 643 1484 censores
676 1438 974 1495 accederent,
993 1438 1030 1500 ³)
1065 1444 1114 1483 et
1147 1444 1226 1483 aut
1256 1439 1555 1485 traducerent
1588 1439 1836 1501 equum‚⁶)
1872 1439 1913 1485 si
1946 1445 1994 1486 et
2024 1438 2098 1485 vir
2130 1446 2177 1486 et
2210 1454 2355 1500 equus
2389 1452 2553 1483 censo-

197 1510 330 1557 ribus
362 1512 654 1572 probaretur,
665 1511 699 1571 ⁷)
733 1518 826 1567 aut,
859 1511 1008 1556 notati
1035 1511 1189 1572 aliqua
1220 1510 1532 1573 ignominia,⁸)
1566 1513 1774 1558 vendere
1807 1527 1976 1573 equum
2007 1512 2334 1574 iuberentur.⁹)
2382 1510 2556 1558 Adem-

197 1583 374 1631 tionem
416 1582 560 1644 igitur
601 1583 709 1643 equi
751 1584 810 1630 ad
854 1601 936 1630 eos
980 1590 1178 1645 apparet
1219 1584 1346 1628 solos
1379 1584 1686 1644 pertinuisse,
1729 1586 1807 1645 qui
1840 1586 2074 1647 publicum
2108 1600 2273 1647 equum
2315 1585 2555 1640 haberent,

200 1672 347 1719 eaque
392 1662 601 1704 coactum
644 1656 792 1705 fuisse
835 1656 1038 1718 equitem
1081 1654 1326 1719 pecuniam
1370 1656 1425 1702 ad
1471 1673 1638 1716 equum
1683 1659 1929 1704 emendum
1971 1659 2156 1719 publice
2193 1659 2345 1703 datam
2378 1657 2556 1702 aerario

202 1731 479 1776 restituere:
507 1730 563 1791 ¹⁰)
607 1731 729 1789 quod
772 1730 1067 1776 coniunctum
1111 1729 1387 1791 plerumque
1429 1745 1532 1774 cum
1574 1746 1630 1774 ea
1671 1737 1781 1776 nota
1823 1738 1946 1787 erat,
1987 1738 2040 1776 ut
2078 1730 2202 1777 tribu
2244 1736 2558 1786 moverentur,

202 1802 464 1863 fierentque
499 1802 681 1858 aerarii,
703 1802 759 1862 ¹¹)
793 1802 840 1848 id
873 1802 1011 1848 etiam
1046 1803 1105 1848 ad
1139 1817 1221 1847 eos
1254 1801 1531 1862 pertinebat,
1565 1801 1644 1862 qui
1677 1819 1844 1861 equum
1877 1819 1970 1848 non
2001 1804 2245 1848 habebant.
2268 1804 2324 1863 ¹²)
2388 1804 2559 1847 Poste-

203 1875 318 1920 riori
351 1890 471 1920 aevo
504 1873 767 1920 censorium
800 1889 967 1921 nomen
1001 1873 1240 1936 asperim,
1274 1879 1483 1936 potestas
1514 1872 1667 1936 regia,
1700 1873 1919 1921 iudicium
1951 1873 2177 1922 incertum
2211 1875 2482 1930 videbatur,
2502 1875 2560 1934 ¹³)

208 2078 236 2120 ¹)
264 2076 363 2108 Diou-
389 2075 467 2109 nal.
490 2076 531 2117 6,
570 2074 611 2109 13
633 2085 665 2119 p.
694 2074 780 2110 1068
802 2075 842 2109 R..
888 2076 1003 2108 θυσίαι
1027 2074 1063 2108 «53
1086 2075 1276 2114 πολυτελεῖς,
1309 2072 1348 2111 ἃς

245 2122 326 2152 καθ’
355 2120 494 2152 ἕκαστον
523 2122 669 2152 ἰνιαυτὸν
693 2120 710 2151 ὁ
734 2122 838 2162 δῆμος
861 2121 995 2151 ἐπιτελεῖ
1019 2119 1076 2151 δαὶ
1098 2120 1162 2152 τῶν
1182 2121 1348 2163 μεγίστων

247 2165 375 2196 innitor
390 2166 426 2196 lv
440 2164 518 2206 μηνὶ
534 2165 711 2206 Κοϊντιλίῳ
726 2165 904 2206 λεγομένῳ,
920 2165 991 2197 ταῖς
1006 2164 1218 2206 καλουμένοις
1235 2163 1349 2196 εἰδοῖς.

248 2205 358 2238 Etiam
373 2207 540 2238 curiarum
554 2216 650 2238 sacra
665 2206 797 2249 publica
814 2206 967 2249 impensa
980 2204 1118 2238 fiebunt.
1150 2215 1184 2238 v.
1201 2204 1348 2238 Dirksen

1474 2077 1521 2108 rei
1545 2076 1717 2118 utriusque
1737 2078 1958 2109 auctoritates
1980 2083 2074 2110 sunt:
2100 2083 2133 2110 et
2156 2077 2206 2110 M.
2232 2079 2317 2111 Cato
2341 2078 2373 2110 id
2397 2087 2560 2118 saepenu-

1473 2129 1563 2151 mero
1587 2125 1762 2154 uttestatus
1787 2126 1849 2154 est.
1884 2121 1925 2153 cf.
1940 2121 1984 2154 id.
1998 2122 2030 2161 4,
2041 2121 2092 2154 ⁶20.
2131 2121 2240 2154 l’aulli
2257 2133 2319 2154 exc
2345 2122 2431 2163 p.80
2446 2120 2561 2153 hinet:

1475 2162 1721 2204 lmpolitias
1745 2174 1904 2196 censores
1926 2164 2040 2196 facere
2059 2164 2268 2205 dicebantur,
2293 2176 2339 2207 qu
2349 2175 2368 2196 u
2379 2176 2408 2197 m
2433 2164 2563 2208 equiti

1474 2215 1546 2238 aes
1568 2205 1851 2251 abnegabant
1879 2207 1931 2241 ob
1955 2219 2107 2250 equum
2132 2209 2241 2241 male
2265 2214 2472 2241 curatum.

251 2249 323 2282 civ.
350 2249 435 2282 Abb.
458 2249 491 2290 2,
515 2261 548 2292 p.
576 2248 626 2284 12.

210 2315 239 2355 ²)
264 2313 394 2345 Duker.
418 2313 461 2346 ad
484 2314 560 2347 Liv.
584 2315 640 2353 29,
663 2314 719 2348 31.

210 2379 240 2419 ³)
265 2377 342 2409 Liv.
367 2379 421 2415 39,
444 2378 497 2417 37,
520 2380 553 2410 s.

210 2442 240 2485 ⁴)
266 2440 351 2474 Loci
376 2445 528 2474 veterum
551 2441 593 2474 de
617 2441 848 2484 recognitione
871 2441 1038 2484 equitum,
1072 2453 1178 2484 quos,
1203 2453 1247 2475 ue
1269 2441 1349 2484 quid

254 2485 286 2516 iu
312 2484 379 2516 boc
402 2483 518 2516 libello
540 2485 799 2524 desideraretur,
824 2485 1000 2526 adscripsi,
1024 2490 1056 2517 et
1075 2497 1095 2517 a
1105 2485 1284 2518 Mublerto
1307 2484 1352 2516 de

253 2537 330 2570 eqq.
346 2538 376 2569 p.
394 2527 436 2560 23
460 2532 493 2559 et
517 2538 536 2559 a
561 2528 670 2560 multis
692 2533 771 2560 ante
793 2538 869 2560 euni
894 2528 1045 2570 plerique
1068 2529 1219 2572 congesti
1243 2533 1349 2561 erant.

253 2571 297 2603 de
322 2570 484 2602 citatione
507 2581 580 2612 eqq
606 2581 638 2603 v.
663 2571 735 2603 Liv.
760 2572 815 2611 29,
839 2572 893 2605 37.
917 2573 971 2610 24,
999 2573 1049 2605 18·

211 2636 240 2677 ⁵)
266 2634 357 2667 Plut.
382 2634 507 2677 Pomp.
532 2636 586 2668 22.
625 2633 694 2666 Dio
715 2635 767 2675 55,
790 2637 843 2669 31.

210 2701 241 2742 ⁶)
267 2699 337 2732 Cic.
361 2710 412 2742 pr.
439 2699 572 2732 Cluent.
597 2700 650 2733 48.
697 2697 797 2731 ovid.
822 2700 878 2731 Tr.
902 2701 935 2736 2,
959 2700 1012 2732 89.

213 2765 241 2806 ²)
265 2763 341 2797 Gell
365 2765 399 2803 4,
425 2762 474 2798 12.
510 2762 547 2796 Si
572 2762 646 2804 quis
670 2772 774 2804 eques
785 2761 826 2794 R.
842 2773 964 2804 equum
987 2762 1111 2795 babere
1132 2763 1348 2806 gracilentum

254 2812 310 2839 aut
335 2817 452 2849 parum
475 2806 614 2839 nitidum
639 2806 733 2838 visus
757 2811 848 2843 erat,
880 2807 931 2837 im
942 2806 1124 2848 politiae
1155 2807 1345 2838 notabatur.

254 2849 292 2883 ld
323 2849 464 2883 verbum
485 2848 673 2895 significat,
705 2849 799 2892 qumi
822 2854 856 2881 tu
881 2848 973 2883 diuis
1004 2849 1221 2883 incuriae:
1254 2851 1346 2884 cuius
1385 2857 1391 2888 Ι

1447 2265 1477 2305 ⁶)
1501 2264 1544 2296 de
1565 2265 1666 2297 variis
1688 2265 1803 2298 barum
1827 2271 1980 2298 notarum
2006 2267 2134 2299 caussis
2157 2277 2190 2299 v.
2209 2272 2347 2310 praeter
2368 2266 2453 2300 alios
2476 2265 2562 2299 Gell.

1476 2310 1507 2348 4,
1535 2306 1583 2342 12.
1628 2309 1719 2342 Suet.
1745 2310 1828 2354 Aug.
1853 2310 1906 2346 39.
1951 2309 2021 2343 Tib.
2046 2310 2091 2343 4⁴2
2146 2311 2263 2343 Claud.
2290 2311 2330 2344 16

1449 2367 1478 2407 ⁹)
1502 2365 1576 2417 biv..
1597 2367 1649 2404 29,
1672 2368 1713 2400 37
1737 2372 1769 2399 et
1792 2378 1907 2411 saepe.
1954 2366 2009 2400 De
2032 2367 2175 2401 formula
2198 2368 2390 2402 adimere
2413 2378 2566 2410 equum

1476 2408 1954 2497 XS'JAtlva'QR,gpszwssiugh
1989 2412 2048 2452 ll,
2083 2414 2133 2447 14.
2179 2412 2240 2452 39,
2271 2414 2333 2451 42,
2363 2412 2394 2445 6.
2441 2415 2504 2451 44,
2537 2411 2565 2443 1.

1438 2512 1479 2552 ¹⁰)
1502 2520 1534 2542 v.
1559 2510 1652 2543 Festi
1674 2510 1781 2544 locum
1805 2512 1975 2545 laudatum
1998 2518 2065 2545 not.
2091 2513 2121 2545 7.
2156 2512 2257 2546 Nieb.
2282 2512 2321 2545 R.
2338 2513 2368 2546 G
2396 2515 2425 2553 l,
2447 2523 2477 2557 p.
2492 2512 2566 2545 486.

1438 2570 1481 2610 ¹¹)
1506 2568 1596 2600 Dok.
1620 2569 1662 2601 ad
1686 2570 1759 2603 Liv.
1783 2572 1837 2610 24,
1864 2571 1915 2611 18,
1938 2573 1971 2603 o.

1440 2624 1481 2664 ¹²)
1506 2622 1580 2655 Ltv.
1606 2622 1624 2654 Ι.
1650 2622 1668 2655 l.
1717 2622 1860 2665 Eorum,
1890 2624 1945 2669 qui
1968 2624 2095 2658 iudices
2119 2631 2233 2666 erant,
2268 2625 2333 2658 aliu
2356 2636 2467 2668 poena
2497 2626 2568 2665 suit,

1479 2671 1512 2697 ut
1538 2677 1578 2697 ex
1611 2666 1754 2710 iudicum
1785 2668 1862 2699 albo
1886 2669 2116 2701 eraderentur.
2162 2671 2255 2701 Suet⁴
2282 2669 2401 2701 Claud.
2429 2671 2477 2702 16.
2525 2668 2569 2699 de

1478 2708 1544 2740 boc
1566 2707 1643 2740 albo
1667 2709 1703 2741 cf
1731 2712 1824 2742 Suet.
1850 2710 1921 2746 Tib.
1946 2711 2000 2746 51.

1438 2764 1479 2804 ¹³)
1504 2762 1571 2794 Cic.
1599 2762 1699 2795 divin.
1723 2764 1756 2796 in
1780 2764 1874 2797 Verr.
1899 2766 1930 2799 3.
1978 2776 2027 2807 pr.
2053 2764 2183 2797 Cluent.
2209 2776 2239 2797 c.
2262 2765 2428 2803 44-46,
2463 2771 2495 2796 et
2527 2765 2571 2795 de

1476 2805 1585 2837 Clodii
1605 2805 1687 2849 lege,
1711 2816 1753 2839 ne
1768 2807 1841 2850 quis
1857 2807 1900 2840 ab
1917 2818 1982 2842 uuo
1999 2818 2177 2842 censorum
2194 2808 2267 2842 iure
2284 2807 2433 2842 damnari
2450 2809 2571 2853 possit,

1473 2849 1592 2881 Drum.
1616 2851 1648 2888 ⁶2,
1675 2850 1743 2884 194.
1768 2853 1832 2885 ‘212
1855 2862 1928 2893 sqq.
