2720 3402
171 268 296 329 iique
330 273 410 314 aut
442 268 743 316 decurionum
777 275 856 316 aut
887 269 1257 327 duumvirorum‚
1302 276 1380 317 aut
1413 270 1816 331 quatuorvirorum
1849 284 2042 315 munere
2076 268 2243 315 aliisve
2285 269 2528 330 magistra-

169 339 295 387 tibus
328 340 499 399 functi,
522 340 583 403 ²⁶)
628 348 707 388 aut
735 348 1037 404 patronorum
1069 340 1202 389 titulo
1234 341 1449 390 honorati
1481 349 1614 390 suntx
1636 341 1697 404 27)
1740 341 1789 390 in
1824 341 2097 406 quibusdam
2131 347 2392 388 mercatura
2423 340 2528 404 opi-

169 414 347 474 busque
389 414 663 460 fiorentibus
704 430 799 461 non
831 414 967 476 pauci
999 415 1099 462 eius
1132 431 1297 462 census
1329 414 1543 462 homines
1575 414 1900 473 inveniuntur,
1948 420 2000 461 ut
2032 413 2249 461 Gadibus
2283 412 2527 461 Strabonis

108 505 114 508 ⁷
170 491 321 531 aetate
363 485 603 546 quingenti
646 494 800 543 erant,
823 487 883 547 2Θ)
926 487 1005 548 qui
1044 488 1275 548 equestria
1316 487 1366 533 in
1407 488 1592 533 theatro
1625 487 1835 533 Romano
1877 503 2008 533 more
2049 487 2307 543 habebant,
2330 486 2392 548 ²⁹)
2433 501 2527 532 non

170 558 321 604 minor
361 573 582 604 numerus
625 567 726 605 erat
756 560 954 606 Patavii.
977 559 1037 621 ³⁰)
1099 560 1169 605 Hi
1200 560 1325 606 inter
1365 576 1418 604 se
1462 559 1673 605 ordinem
1716 560 2023 620 collegiumve
2065 559 2357 615 efficiebant,
2401 559 2526 619 quod

168 629 532 691 quotiescunque
575 639 958 680 commemoratur
986 632 1035 680 in
1065 631 1472 695 inscriptionibus,
1514 646 1666 692 neque
1700 630 1759 676 de
1791 630 2149 693 Augustalibus,
2171 629 2233 691 31)
2275 647 2430 692 neque
2464 630 2524 677 de

167 702 259 747 alio
292 717 466 763 genere
497 703 734 751 hominum
765 705 1122 767 municipalium,
1155 705 1240 751 sed
1272 704 1332 750 de
1364 703 1423 749 iis
1455 702 1811 764 intelligendum
1844 709 1931 760 est,
1965 703 2058 764 qui,
2091 703 2303 749 viveaees
2336 702 2385 748 in
2416 718 2521 749 mu-

167 774 368 834 nicipiis,
401 777 749 841 quadringenta,
784 784 834 823 ut
865 778 1008 824 ceteri
1032 777 1228 839 Equites
1260 776 1473 834 Romani,
1506 774 1887 838 possiderent.³²)
1935 775 2099 836 Neque
2130 781 2285 821 tamen
2315 775 2389 821 his
2422 782 2520 822 ter-

169 1000 214 1042 ²¹⁵)
238 999 375 1032 Coelius
397 1008 449 1041 eq.
471 998 510 1030 R.
541 995 676 1028 decurio
701 998 774 1027 erat
794 991 957 1025 Puteolis.
1003 991 1072 1024 Cic.
1096 1001 1146 1035 pr.
1160 990 1285 1025 Coel.2
1334 989 1341 1018 Ι

211 1039 422 1085 Oppianicus
451 1052 505 1085 eq.
531 1040 570 1073 R.
603 1040 660 1082 (v.
685 1037 754 1071 Cic.
783 1046 833 1080 pr.
863 1035 993 1069 Cluent.
1017 1035 1083 1079 39)
1116 1045 1155 1067 se
1186 1035 1295 1067 iisum

210 1085 291 1117 fecit
314 1086 469 1118 leirum
492 1084 615 1115 Larini.
659 1083 702 1114 ib.
724 1081 756 1113 8.
797 1080 898 1112 multa
924 1089 965 1111 ue
987 1078 1054 1110 alia
1076 1046 1232 1120 exempia
1253 1088 1296 1109 ex

210 1125 789 1203 ...swam
827 1120 1055 1198 aaa
1078 1119 1174 1196 ἐξιξ-

208 1172 306 1247 {⁰¹:³92
327 1172 427 1247 3022.
459 1195 572 1254 Saepe
590 1222 609 1242 e
634 1194 719 1242 uites
738 1218 800 1251 pro
821 1206 1006 1248 municipiis
1021 1205 1090 1238 suis
1111 1205 1299 1247 legationes

210 1257 405 1299 suscipiunt.
451 1254 519 1287 Cic.
543 1264 592 1296 pr.
648 1253 733 1284 lanc.
756 1252 798 1289 8,
828 1248 882 1281 21.
928 1248 1067 1288 „Huius
1088 1247 1301 1289 praefectura

210 1300 312 1343 plena
333 1300 479 1332 virorum
501 1296 770 1333 fortissimorum,
793 1292 842 1324 sic
862 1296 897 1324 ut
916 1290 1009 1324 nulla
1030 1295 1102 1323 tota
1118 1290 1214 1323 ltalia
1236 1290 1301 1322 sre-

211 1343 368 1385 quentior
398 1341 463 1373 dici
486 1340 603 1382 possit.
650 1338 762 1373 Quam
785 1335 920 1378 quidem
942 1344 1029 1366 nunc
1060 1333 1302 1365 multitudinem

210 1385 352 1425 videtis,
383 1384 531 1423 iudices,
562 1382 594 1414 in
617 1380 775 1423 squalore
797 1383 832 1410 et
852 1378 943 1410 luctu
975 1376 1161 1419 supplicem
1191 1376 1302 1409 vobis.

211 1429 262 1462 Hi
292 1433 359 1461 tot
391 1427 566 1469 equites
589 1423 783 1462 Romani,
815 1426 866 1454 tot
889 1420 1010 1454 tribuni
1032 1420 1156 1453 aerarii
1178 1419 1245 1462 (cs.
1269 1431 1301 1462 p.

211 1473 253 1506 42
283 1482 314 1504 ιι.
345 1471 410 1513 35)
444 1469 523 1512 quid
554 1467 723 1512 dignitatis
754 1465 851 1498 huius
882 1463 1034 1507 petitioni
1062 1462 1303 1495 attulerunt?“

211 1515 253 1547 cf.
278 1515 348 1548 Cic.
360 1513 457 1546 Verr.
483 1515 512 1553 l,
536 1512 567 1545 3.
601 1514 633 1551 2,
656 1511 688 1551 2,
711 1510 764 1544 46.
799 1507 833 1548 2,
855 1507 887 1547 3,
910 1507 963 1542 31.
998 1517 1049 1549 pr.
1062 1507 1158 1539 Sext.
1170 1508 1225 1546 33,
1248 1506 1301 1541 63.

210 1569 259 1600 pr.
277 1557 406 1589 Cluent.
430 1556 484 1588 69.
520 1555 564 1586 ad
587 1555 664 1585 tarn.
690 1553 742 1592 13,
767 1551 818 1583 ll.
859 1550 989 1582 Postea
1011 1560 1054 1581 ue
1076 1549 1120 1581 im
1146 1554 1302 1581 eratores

235 1600 344 1633 uidem
367 1597 586 1641 municipales
614 1596 759 1629 bonores
782 1593 955 1637 dedignati
976 1597 1063 1626 suut.
1140 1617 1147 1625 .
1171 1594 1257 1636 quos
1279 1591 1301 1625 1.

251 1644 336 1677 arini
358 1643 430 1676 Atti
456 1644 470 1676 l
498 1652 530 1684 p.
556 1643 618 1675 174
631 1651 661 1672 a.

169 1704 214 1745 ¹²)
239 1701 462 1733 Pau-onerum
486 1699 609 1741 duplex
633 1707 737 1741 genus
761 1699 824 1733 est,
848 1693 1050 1732 alterorum,
1075 1693 1143 1735 qui,
1167 1693 1301 1736 „digni-

209 1750 297 1777 tates
321 1743 488 1785 Principis
510 1742 633 1774 iudicio
656 1739 862 1777 consecuti,“
886 1736 986 1788 (ng.
1008 1736 1061 1788 5⁰!
1092 1736 1123 1768 3.
1169 1735 1212 1768 de
1234 1736 1300 1769 alb.

211 1787 313 1819 scrib.
337 1788 372 1827 2)
395 1797 416 1817 a
440 1785 628 1817 muneribus
651 1781 901 1822 municipalibus
924 1779 1056 1810 liberati
1080 1784 1194 1810 erant:
1218 1779 1299 1811 alte-

211 1840 334 1868 rorum,
351 1829 480 1871 quibus,
499 1836 684 1869 quanquam
700 1826 785 1857 inter
799 1823 1010 1855 Decurioues
1027 1832 1093 1854 non
1111 1827 1219 1861 erant,
1241 1821 1299 1854 Ιιο-

210 1873 366 1905 norm-ius
389 1877 500 1903 tamen
524 1871 635 1902 curiae
666 1872 862 1910 patronatus
888 1865 1111 1897 Decurionum
1140 1864 1297 1907 suffragio

211 1916 309 1947 datus
333 1919 396 1947 est.
439 1923 472 1945 v.
498 1912 649 1954 Savigny
683 1911 722 1942 G.
754 1909 786 1940 d.
809 1908 906 1939 lto-n.
930 1907 970 1939 R.
1002 1908 1045 1939 im
1067 1907 1119 1939 M.
1147 1909 1160 1940 l
1187 1919 1219 1949 p.
1243 1907 1295 1940 68.

210 1958 247 1991 ln
270 1957 348 1990 albo
373 1955 598 1988 Decurionum
623 1953 757 1986 Canusii
780 1950 997 1992 ap.l·'abretti
1021 1960 1052 1991 p.
1076 1949 1151 1983 598.
1188 1949 1294 1983 Orell.

209 2012 241 2034 n.
264 1999 359 2033 3721.
405 1998 539 2040 triginta
563 1995 693 2038 patroni
721 2006 741 2026 e
763 1995 964 2026 Senatorum
987 1993 1212 2025 Romanorum
1236 2003 1294 2024 nu-

208 2054 322 2083 mero,
355 2041 422 2073 duo
451 2040 582 2082 patroni
614 2038 753 2081 Equites
776 2035 917 2068 Romani
945 2035 1172 2073 inveniuntur3
1205 2034 1294 2076 equi-

209 2094 347 2129 tesque,
380 2084 435 2128 qui
458 2089 569 2115 tamen
594 2087 732 2124 propter
756 2079 843 2112 hunc
873 2083 1084 2121 patronatum
1116 2088 1182 2110 non
1211 2077 1292 2110 iudi-

207 2130 305 2163 candi
337 2133 412 2161 sunt
444 2138 560 2159 onmes
591 2127 624 2157 in
652 2123 836 2164 municipiis
857 2121 1082 2160 habitavisse,
1111 2120 1215 2152 babes
1237 2132 1291 2162 ap.

208 2173 316 2209 Orell.
337 2183 368 2205 n.
387 2172 482 2206 3703.
501 2169 597 2203 3729.
620 2167 715 2202 3768.
737 2166 832 2200 3835.
847 2164 942 2199 3853.
960 2165 1057 2200 3858.
1078 2165 1173 2199 3888.
1193 2164 1290 2199 3899.

209 2218 302 2250 Grut.
326 2227 357 2258 p.
380 2215 455 2253 480,
478 2214 509 2245 5.
556 2212 647 2244 Doni
670 2221 701 2253 p.
723 2210 784 2243 183
808 2219 840 2240 n.
862 2208 914 2240 88.

168 2279 212 2320 ²⁸)
237 2274 352 2308 Gades
374 2273 462 2305 enim
494 2270 705 2313 municipium
737 2271 833 2319 erat·
851 2277 894 2319 ,ιι
916 2266 1012 2299 lotos
1042 2276 1096 2308 ap.
1119 2265 1230 2299 Ukert
1252 2265 1292 2298 G.

209 2320 241 2349 d.
267 2319 307 2349 G.
330 2327 360 2347 u.
384 2316 425 2346 R.
448 2318 481 2351 2,
506 2326 537 2355 p.
561 2315 636 2346 386.
682 2312 738 2343 De
760 2310 923 2350 equitibus
946 2309 1057 2340 Strab.
1080 2309 1101 2339 3
1124 2319 1156 2349 p.
1179 2308 1239 2338 271
1262 2308 1292 2339 Γ.

207 2361 292 2396 Ἐπεὶ
314 2360 431 2401 πλήθει
452 2369 491 2402 γε
514 2355 670 2401 οὐδεμιᾶς
703 2353 746 2388 ἄν
769 2353 1003 2386 ἀπολείπεσθαι
1026 2351 1125 2391 δόξειε
1149 2352 1213 2384 τῶν
1233 2352 1292 2390 ἔξω

204 2407 336 2447 Ῥώμης
358 2404 500 2434 πόλεων·
525 2402 645 2440 ἤκουσα
666 2400 748 2441 γοῦν
771 2400 805 2429 ἐν
826 2398 889 2440 μιᾷ
911 2395 974 2428 τῶν
994 2397 1070 2427 καθ’
1095 2396 1180 2436 ἡμᾶς
1202 2398 1292 2437 tow}-
1332 2401 1336 2416 ⁸

206 2459 289 2481 σιων
303 2446 532 2478 πεντακοσίους
548 2443 674 2487 ἄνδρας
689 2441 883 2484 τιμηθέντας
899 2437 1051 2473 inumeris
1063 2437 1293 2475 Γαδειτανυύς,

208 2492 302 2525 ὅσους
324 2489 459 2522 οὐδένας
481 2487 557 2519 οὐδὲ
581 2490 645 2518 τῶν
656 2485 840 2517 Ἰταλιωτῶν
861 2483 941 2522 πλὴν
963 2482 1026 2514 τῶν
1047 2484 1294 2513 Πανταουΐνων.

166 2546 211 2586 ²⁹)
235 2542 349 2576 Pollio
371 2551 425 2582 ap.
443 2539 511 2572 Cic.
526 2539 570 2571 ud
594 2538 669 2569 sam.
688 2537 738 2576 10,
762 2535 816 2573 32,
839 2536 870 2568 2.
904 2533 1066 2586 (ἱξειῐῑῃιε)
1089 2533 1185 2574 ludis,
1208 2543 1294 2576 quos

207 2585 357 2619 Gadibus
389 2583 488 2621 fecit,
520 2581 723 2613 Herennium
757 2578 887 2610 Gallum
921 2577 1132 2616 histrionem,
1165 2586 1294 2608 summo

206 2628 362 2662 ludorum
381 2626 436 2658 die
453 2625 554 2658 anulo
571 2634 675 2657 aureo
693 2622 850 2654 donatum
861 2622 893 2654 in
907 2620 986 2653 xiv
999 2630 1129 2653 sessum
1145 2619 1293 2652 deduxit.

164 2685 210 2725 ⁸⁰)
231 2680 358 2714 Strabo
385 2679 407 2710 1.
429 2677 452 2711 1.

165 2738 211 2779 ³¹)
234 2734 278 2767 V.
295 2731 481 2776 Eybenium
505 2741 533 2762 c.
559 2729 607 2763 12.
631 2739 662 2771 p.
683 2727 776 2760 1107.
810 2725 928 2778 ninius
949 2726 1037 2758 enim
1061 2726 1094 2758 in
1111 2725 1296 2768 municipiis
1335 2748 1339 2778 ἲ

208 2784 278 2811 tres
297 2775 432 2808 ordines
452 2772 685 2812 censebantur,
707 2771 928 2809 Decuriones,
953 2769 1166 2810 Augustales,
1190 2769 1295 2811 plebs.
1335 2783 1338 2795 ι

206 2832 239 2855 v.
263 2818 372 2854 Orelli
401 2827 432 2850 n.
465 2815 561 2851 3939.
591 2814 687 2850 3701.
719 2813 815 2847 3703.
848 2811 944 2845 3807.
974 2806 1060 2846 3677
1092 2817 1125 2845 et
1152 2812 1295 2855 saepius.

206 2863 417 2896 Decuriones
440 2869 676 2901 nonnunquam
699 2858 920 2894 Senatorum,
952 2859 988 2886 ut
1013 2854 1188 2888 Duuimviri
1210 2855 1295 2887 Con-

207 2906 315 2940 sulum
338 2916 459 2939 nomen
484 2902 698 2947 usurpabant,
721 2898 801 2943 (Or.
825 2910 857 2932 n.
873 2897 959 2930 2279
983 2902 1016 2931 et
1034 2898 1108 2931 voi.
1124 2897 1146 2930 2
1168 2910 1200 2942 p.
1219 2897 1293 2940 172)

1421 990 1484 1023 sed
1521 990 1723 1032 Augustales
1757 989 1886 1032 equites
1922 988 2114 1032 appellatos
2147 988 2252 1021 fuisse
2290 989 2356 1021 iam
2395 989 2519 1023 idcirco

1421 1033 1645 1077 improbabile
1675 1039 1746 1073 est,
1781 1032 1873 1076 quod
1903 1033 1937 1066 in
1967 1032 2139 1076 plerisque
2168 1032 2353 1075 municipiis
2388 1033 2519 1076 equites

1421 1078 1565 1109 Romani
1587 1083 1699 1109 erant..
1726 1077 1775 1108 lta
1801 1088 1842 1108 ue
1863 1078 1996 1118 utrique
2018 1078 2085 1108 una
2107 1077 2324 1108 inveniuntur
2346 1076 2379 1107 iu
2401 1077 2515 1109 inscri-

1447 1119 1613 1157 tionibus,
1647 1125 1681 1151 ut
1704 1129 1758 1160 ap.
1818 1118 1889 1151 rell.
1917 1129 1948 1152 n.
1971 1119 2069 1153 3939.
2121 1119 2162 1153 Α.
2195 1118 2393 1151 Antonio
2425 1119 2465 1151 A.
2495 1118 2518 1151 f.

1421 1130 1573 1204 Bomp.
1597 1161 1836 1205 Pelagiano
1859 1161 1918 1194 1111
1941 1161 2049 1194 Viro
2072 1163 2214 1203 equiti
2237 1162 2429 1195 Romano
2453 1173 2521 1194 ra-

1425 1205 1600 1236 rissimo
1631 1205 2098 1245 innocentissimoque
2128 1205 2328 1237 curatori
2351 1204 2390 1236 R.
2415 1204 2456 1237 P.
2480 1211 2521 1237 et

1426 1251 1613 1288 patrono
1636 1247 1913 1279 Decuriones
1935 1246 2206 1290 Augustales
2230 1253 2274 1280 et
2297 1247 2423 1290 plebs
2447 1247 2518 1280 Pe-

1427 1289 1670 1322 telinorum.
1715 1289 1838 1333 Neque
1860 1295 1941 1332 puto
1963 1291 2153 1322 sententiae
2183 1301 2279 1323 meae
2302 1291 2442 1324 obstare
2469 1292 2516 1323 in-

1427 1332 1641 1374 scriptionem
1665 1332 1923 1376 Lugdunensem
1945 1333 2109 1408 aEGnit.
2126 1333 2201 1373 431,
2220 1336 2247 1367 Ι.
2282 1332 2345 1367 Or.
2369 1344 2401 1366 n.
2418 1334 2517 1374 402⁰,

1428 1384 1496 1417 qua
1517 1377 1699 1408 memoriae
1721 1376 1883 1416 traditur,
1914 1376 1950 1408 S.
2003 1376 2143 1418 ‘gurium
2165 1376 2329 1418 quendam
2351 1377 2386 1409 in
2418 1377 2469 1409 lar
2491 1377 2517 1402 '-

1429 1418 1522 1451 tione
1553 1419 1597 1452 ob
1629 1418 1792 1452 bonorem
1824 1419 1977 1462 perpetui
1999 1417 2223 1452 Pontificatus
2253 1425 2426 1462 acceptum
2482 1431 2516 1453 e-

1428 1461 1520 1493 disse
1543 1461 1778 1495 decurionibus
1800 1462 1958 1495 denarios
1980 1461 2023 1501 V,
2055 1461 2163 1493 ordini
2192 1463 2360 1504 equestri,
2387 1463 2418 1494 V
2422 1463 2518 1497 {viris

1428 1505 1686 1548 Augustalibus,
1719 1516 1762 1538 ne
1784 1505 1983 1538 otiatoribus
2013 1505 2152 1537 vinariis
2182 1505 2259 1537 den.
2290 1505 2354 1545 111,
2387 1512 2420 1538 et
2446 1517 2516 1539 om·

1430 1547 1527 1579 nibus
1550 1549 1750 1590 corporibus
1804 1549 1926 1592 ugduni
1957 1547 2047 1579 licite
2076 1548 2276 1579 coeuntibus
2298 1548 2456 1580 denarios
2478 1548 2517 1580 11.

1430 1589 1468 1623 ln
1491 1589 1555 1623 bac
1578 1592 1666 1624 enim
1689 1596 1768 1634 post
1793 1591 1994 1624 decuriones
2016 1591 2230 1623 nominantur
2252 1591 2404 1634 equites,
2437 1591 2518 1624 alio·

1430 1634 1509 1675 quin
1541 1633 1593 1666 bis
1616 1639 1655 1667 et*
1673 1645 1775 1667 censu
1798 1640 1831 1666 et
1856 1635 2015 1677 dignitate
2038 1633 2139 1677 longe
2160 1635 2371 1676 superiores,
2386 1634 2388 1636 ’
2406 1636 2460 1675 (v.
2486 1645 2517 1667 n.

1428 1678 1482 1711 26.
1506 1676 1565 1718 27)
1590 1682 1770 1719 tenentque
1792 1677 2021 1721 Augustalium
2045 1676 2168 1709 locum.
2202 1677 2270 1710 Sed
2294 1682 2376 1719 puto
2398 1678 2431 1709 in
2455 1677 2520 1710 bac

1428 1729 1467 1751 re
1489 1720 1627 1753 multum
1647 1721 1734 1753 inter
1752 1721 1929 1762 municipia
1946 1720 2148 1753 interfuisse.
2181 1719 2270 1752 Nam
2290 1726 2364 1753 erat
2385 1720 2518 1762 quidem

1428 1762 1646 1795 decurionum
1678 1769 1791 1795 certus
1820 1774 1958 1801 census,
1989 1762 2052 1794 sed
2083 1773 2150 1794 non
2181 1763 2270 1795 idem
2299 1764 2333 1794 in
2364 1763 2519 1795 omnibus

1426 1805 1632 1847 municipiis;
1656 1806 1922 1848 creabanturque
1939 1805 2139 1837 decuriones
2163 1816 2204 1837 ex
2229 1806 2280 1845 iis,
2303 1806 2358 1848 qui
2380 1806 2414 1837 in
2437 1817 2518 1849 quo·

1425 1858 1491 1921 que
1515 1849 1693 1890 municipio
1715 1860 1878 1880 summum
1902 1859 2038 1880 censum
2062 1848 2238 1880 habebant.
2273 1848 2336 1880 Ex.
2351 1860 2380 1880 c.
2420 1849 2517 1881 Comi

1449 1892 1628 1922 ecuriones
1651 1897 1783 1923 centum
1807 1892 1942 1924 millium
1967 1901 2103 1923 censum
2126 1890 2306 1924 habebant.
2341 1891 2449 1933 (Plio-
2461 1903 2515 1934 ep.

1422 1933 1477 1971 20,
1505 1934 1570 1975 19).
1617 1933 1720 1967 Quod
1743 1935 1770 1964 si
1794 1935 1828 1965 in
1852 1934 1915 1965 liae
1939 1935 2075 1965 civitate
2097 1933 2216 1975 aliquis
2243 1940 2333 1973 erat,
2358 1935 2412 1974 qui
2436 1945 2515 1976 qua·

1419 1975 1561 2017 druplex
1585 1976 1657 2008 eius
1677 1986 1837 2016 summae,
1861 1977 1881 2009 i.
1896 1987 1925 2009 e.
1940 1986 2076 2009 censum
2099 1983 2287 2018 equestrem
2307 1977 2512 2018 possideret,

1420 2018 1454 2049 in
1478 2028 1598 2059 magno
1629 2020 1657 2050 is
1685 2018 1914 2051 essevliouore
1937 2019 2059 2050 debuit.
2107 2019 2233 2050 Contra
2256 2019 2426 2058 Gadibus,
2457 2020 2512 2052 ubi

1421 2060 1591 2104 quingenti
1611 2060 1706 2094 buius
1726 2071 1847 2094 census
1865 2061 2016 2094 homiues
2035 2065 2141 2101 erant,
2164 2060 2366 2094 decuriones
2386 2067 2512 2103 autem,

1419 2103 1447 2134 si
1471 2104 1663 2135 coniectura
1685 2103 1761 2136 fieri
1808 2110 1898 2136 otest
1919 2115 1939 2135 a
1963 2105 2083 2136 ceteris
2106 2105 2310 2146 municipiis,
2344 2106 2512 2149 (Savigny

1417 2145 1438 2178 1.
1461 2144 1483 2177 l.
1514 2157 1547 2189 p.
1569 2146 1634 2189 68)
1665 2116 1879 2190 ηυηῖιιῃιτεε
1908 2157 2005 2189 quam
2028 2151 2180 2187 centum,
2207 2152 2300 2180 certe
2332 2149 2512 2190 pauciores

1444 2189 1628 2232 uingentis,
1663 2191 1689 2221 si
1721 2190 1919 2222 decuriones
1951 2190 2148 2232 legebantur
2177 2201 2197 2222 e
2225 2191 2514 2233 locupletissimis,

1418 2201 1495 2264 deri
1518 2243 1583 2264 non
1608 2233 1733 2275 potuit,
1770 2233 1846 2275 quin
1869 2232 1968 2265 etiam
2000 2233 2130 2275 equites
2153 2233 2297 2267 Romani
2327 2234 2514 2268 secundum

1418 2275 1528 2307 locum
1560 2281 1723 2308 tenerent.
1777 2276 1975 2318 Lugdunum
2005 2282 2117 2309 autem
2148 2282 2181 2308 et
2205 2277 2326 2310 Narbo
2357 2279 2514 2312 civitates

1420 2318 1548 2349 Galliae
1570 2319 1734 2350 'niaximae
1756 2323 1863 2357 erant,
1885 2318 1968 2350 illud
1990 2323 2182 2351 mercatura
2201 2319 2359 2360 florebat,
2383 2321 2514 2362 viisque

1419 2371 1493 2394 cum
1517 2359 1624 2394 Gallia
1649 2366 1720 2394 tota
1744 2361 1904 2404 ltaliaque
1929 2362 2141 2395 coniunctum
2166 2368 2260 2396 erat:
2287 2364 2335 2396 ita
2357 2364 2515 2398 accidere

1418 2404 1543 2445 potuit,
1575 2409 1609 2434 ut
1633 2405 1732 2435 etiam
1756 2404 1912 2447 Lugduni
1935 2410 2068 2447 esseut,
2102 2406 2157 2446 qui
2180 2407 2342 2439 maiorem
2366 2409 2513 2449 equestri

1420 2456 1555 2478 censum
1578 2445 1761 2487 baberent,
1794 2447 1991 2491 equitesque
2014 2446 2158 2481 Romani
2187 2449 2372 2483 secundum
2402 2450 2511 2483 locum

1420 2494 1582 2522 tenerent.
2047 2493 2048 2496 ’

1378 2555 1423 2595 ³²)
1447 2552 1495 2585 lta
1525 2553 1743 2596 intelligenda
1774 2560 1826 2586 est
1855 2555 1956 2587 inser.
1980 2554 2157 2588 Narbona.
2183 2566 2239 2598 ap.
2263 2554 2325 2589 Or.
2350 2567 2381 2588 ι.
2404 2555 2513 2596 2489,

1419 2597 1451 2629 in
1476 2606 1541 2638 qua
1564 2604 1847 2630 commemoratur
1870 2597 2048 2642 collegium
2071 2599 2196 2631 trium
2219 2599 2413 2642 equitum
2436 2599 2512 2632 Ro-

1422 2650 1642 2671 manorum
1668 2652 1688 2671 a
1719 2641 1847 2682 plebe
1879 2642 1924 2682 (i.
1948 2652 1978 2673 e.
2001 2652 2069 2673 nou
2094 2642 2221 2673 Rtimae
2242 2648 2419 2681 natorum,
2448 2643 2512 2675 sed

1420 2693 1441 2713 a
1465 2681 1564 2724 plebe
1585 2680 1870 2726 Narbo-menan)
1902 2684 2068 2727 triumque
2093 2684 2330 2717 libertinorum.
2375 2684 2514 2719 Plebs

1420 2726 1508 2757 enim
1531 2725 1586 2757 vel
1609 2727 1799 2768 populus
1822 2728 2005 2770 opponitur
2026 2727 2351 2760 Decurionibus
2375 2727 2456 2770 (Or.
2481 2740 2513 2761 n.

1420 2768 1517 2800 3704.
1540 2769 1637 2802 3725.
1660 2769 1757 2802 3726.
1780 2769 1877 2803 3728.
1901 2770 2000 2805 3763.
2028 2770 2085 2803 .V.
2108 2770 2255 2803 eramen-i
2287 2770 2367 2804 diss.
2398 2771 2442 2804 de
2466 2772 2513 2804 iu-

1420 2810 1533 2844 venib.
1557 2821 1612 2855 ap.
1637 2811 1865 2847 Callistratum
1888 2812 2018 2856 Opusc.
2050 2824 2080 2856 p.
2103 2814 2162 2852 61;
2196 2814 2251 2855 qui
2274 2824 2361 2856 quae
2391 2814 2513 2848 eodem

1420 2854 1497 2887 loco
1529 2854 1573 2887 de
1603 2856 1771 2896 equitibus
1800 2857 2055 2900 miinicipalibus
2077 2856 2187 2897 addit,
2219 2857 2264 2889 ad
2287 2868 2330 2889 ea
2358 2858 2510 2897 redeunt,

1422 2908 1508 2940 quae
1545 2898 1579 2930 iu
1619 2904 1702 2932 nota
1739 2900 1963 2934 antecedente
2000 2900 2153 2933 refutavi.
2217 2900 2337 2945 Longe
2375 2901 2510 2943 rectius,

1944 2957 1989 2998 12
