2720 3402
158 237 443 304 publicanis,
485 237 544 283 ad
576 250 691 295 quos
723 232 825 278 sine
869 231 1011 279 dubio
1055 231 1148 294 ipsi
1189 246 1402 294 magnam
1445 241 1624 296 partem
1657 234 1979 297 pertinebantt
2020 234 2211 294 tertium
2243 242 2510 285 senatorum

159 312 499 368 nobiliumque,
541 322 655 365 quos
687 305 926 367 principes
969 304 1172 349 civitatis
1205 307 1440 364 appellat,
1484 307 1564 365 qui
1597 308 1685 352 soli
1716 307 1808 352 dici
1851 312 2050 368 possunt
2091 314 2275 353 vestem
2316 317 2511 366 mutare,

160 384 482 441 faciebantque
516 395 617 425 cum
650 376 922 424 censoribus
955 383 1118 422 contra
1148 375 1439 437 publicanos.
1502 378 1575 426 Hi
1607 395 1769 438 quum,
1801 384 1854 424 nt
1886 394 2029 440 supra
2061 379 2199 425 docui
2224 379 2306 439 ¹⁰⁸)
2339 387 2389 427 et
2419 382 2512 444 ipsi

159 456 210 503 in
242 452 462 502 centuriis
493 449 701 511 equitum
735 455 919 507 essent,
969 464 1031 496 ex
1063 447 1310 497 duodecim
1345 449 1571 497 centuriis
1615 459 1768 499 autem
1808 450 2009 499 maxims
2049 466 2160 512 pars
2192 449 2312 513 ipsis
2345 452 2515 501 adver-

162 534 366 581 saretur,
408 522 499 570 nisi
533 522 723 585 egregie
757 522 921 579 fallor,
968 521 1017 567 in
1049 521 1244 583 reliquis
1276 520 1370 568 illis
1404 522 1630 570 centuriis
1674 522 1820 571 fuisse
1862 521 2058 584 putandi
2099 528 2234 581 sunt,
2277 537 2395 584 quae
2428 540 2516 573 sex

162 598 380 657 suffragia
411 595 735 655 appellantur,
779 593 1082 656 praesertim,
1132 609 1272 655 quum
1303 599 1353 638 et
1389 594 1667 653 discrimen,
1709 595 1833 656 quod
1865 596 1923 659 ab
1954 593 2089 640 initio
2121 594 2247 642 inter
2288 596 2373 641 has
2405 596 2518 642 reli·

162 683 362 733 quasque
393 666 632 713 centurias
664 666 770 724 suit,
803 681 950 728 usque
979 665 1037 711 ad
1061 672 1275 712 extrema
1302 671 1517 728 tempora
1542 666 1829 730 reipublicae
1854 666 2028 713 liberae
2053 665 2103 712 in
2129 666 2329 714 comitiis
2355 675 2518 715 centu-

159 742 289 787 riatis
322 745 561 784 servatum
596 740 680 794 sit,
714 755 865 799 neque
900 739 1102 783 alienum
1135 738 1197 782 sit
1228 754 1257 782 a
1288 753 1430 793 vero,
1462 738 1671 795 nobiles,
1703 747 1757 784 ut
1787 746 1944 786 cetera
1973 739 2273 801 patriciorum
2306 746 2520 786 veterum

158 812 408 876 privilegia
449 812 659 875 arripere
703 813 1004 866 studuerunt,
1048 810 1116 856 sie
1156 810 1419 873 principem
1460 811 1584 857 hunc
1625 811 1676 859 in
1717 811 1919 860 comitiis
1965 812 2117 859 locum
2142 812 2225 873 ¹⁹⁹)
2266 812 2358 858 sibi
2397 812 2516 875 ipsis

160 884 440 934 vindicasse.

1058 1096 1130 1165 1.
1148 1095 1187 1166 1
1203 1095 1268 1165 b
1289 1107 1414 1165 ΘΙ·
1482 1095 1609 1166 11.

678 1201 746 1268 A
789 1201 864 1267 O.
909 1201 1201 1267 Graccho
1245 1221 1451 1289 usque
1490 1200 1577 1265 ad
1617 1202 2009 1288 Augustum.

1173 1438 1228 1490 (3
1245 1450 1370 1501 ap.
1442 1437 1504 1489 Ι.

590 1516 738 1587 Ordo
794 1538 1044 1601 equester
1098 1534 1164 1585 ab
1220 1535 1405 1585 ordine
1461 1535 1729 1585 senatorio
1785 1539 2085 1601 separatus,

163 1635 224 1700 Τ
226 1652 348 1698 rium
381 1651 487 1697 fere
520 1650 785 1697 seculorum
819 1649 986 1711 spatio,
1018 1650 1145 1710 quod
1176 1648 1300 1695 inter
1324 1648 1550 1695 Veiorum
1584 1648 1978 1711 oppugnationem
2009 1656 2060 1696 et
2086 1650 2403 1699 Gracchorum
2437 1668 2517 1700 ae-

161 1732 306 1770 tatem
337 1724 608 1777 interiacet,
650 1721 852 1783 primum
893 1721 1121 1766 institutis
1163 1720 1361 1782 privatis
1405 1719 1654 1781 stipendiis
1692 1721 2025 1780 equestribus,
2057 1730 2156 1767 tum
2199 1725 2517 1770 crescentibus

161 1798 515 1859 publicanorum
555 1794 751 1855 opibus,
796 1794 965 1840 deinde
1010 1793 1157 1839 auctis
1190 1792 1273 1848 iis,
1316 1793 1395 1852 qui
1436 1792 1570 1852 equis
1610 1792 1809 1854 privatis
1850 1802 2109 1852 mererent,
2149 1810 2293 1856 quum
2335 1798 2517 1857 equites

159 1883 280 1930 equo
313 1884 361 1931 p,
395 1867 564 1915 eodem
594 1881 785 1930 semper
816 1879 1010 1912 numero
1045 1871 1218 1923 essent,
1256 1863 1456 1926 denique
1489 1860 1855 1926 provincialibus
1887 1864 2240 1928 publicanorum
2273 1861 2516 1931 magistra-

157 1948 381 2000 tuumque
426 1939 674 1984 discordiis
718 1940 890 1983 factum
922 1944 1048 1994 erat,
1096 1944 1150 1983 ut
1180 1944 1233 1982 et·
1273 1937 1568 1998 negotiorum
1609 1936 1835 1983 societate
1876 1945 1926 1984 et
1968 1938 2198 1984 communi
2241 1939 2290 1986 in
2335 1940 2518 1987 nobiles

159 2013 266 2060 odio
297 2012 483 2072 equites
516 2011 642 2058 inter
672 2027 724 2056 se
759 2011 1164 2071 coniungerentur,
1204 2026 1230 2056 a
1262 2017 1426 2056 senatu
1458 2015 1629 2065 autem,
1663 2024 1691 2054 a
1723 2023 1813 2071 quo
1847 2011 1904 2056 ab
1936 2009 2088 2057 initio-
2109 2019 2268 2060 contra
2307 2013 2519 2075 plebeios

159 2091 398 2139 steterant,
432 2088 772 2131 averterentur.
837 2082 1092 2128 Distractio
1125 2082 1328 2145 partium
1362 2089 1516 2128 autem
1549 2081 1762 2144 perfecta
1794 2089 1868 2128 est
1900 2084 2080 2129 duabus
2112 2085 2408 2146 potissimum
2440 2102 2516 2132 re—

160 2158 271 2212 bnS,
317 2163 586 2201 senatorum
618 2171 646 2200 e
678 2155 905 2201 centuriis
934 2156 1145 2215 equitum
1174 2155 1452 2200 exclusione
1486 2160 1535 2199 et
1569 2155 1620 2199 G.
1655 2152 1860 2201 Graaehi
1892 2156 1998 2217 lege
2030 2153 2284 2202 iudiciaria.

370 2227 409 2274 l.
442 2228 704 2275 Laudatum
738 2234 810 2273 est
843 2242 986 2289 supra
1020 2227 1331 2289 fragmentum
1363 2226 1606 2272 Ciceronis
1638 2225 1746 2272 libri
1773 2225 1832 2272 de
1858 2226 2100 2289 republica
2125 2228 2301 2289 quarti:
2330 2230 2517 2292 „Quam

157 2299 401 2347 commode
432 2300 623 2346 ordines
657 2299 879 2361 desripti,
908 2306 1113 2356 aetates,
1148 2299 1338 2354 classes,
1373 2297 1631 2358 equitatuS,
1663 2297 1713 2344 in
1746 2312 1837 2357 quo
1871 2298 2095 2361 suffragia
2125 2300 2265 2348 etiam
2297 2310 2406 2349 sunt
2439 2320 2516 2350 se—

158 2380 324 2420 natus:
357 2371 495 2417 nimis
527 2370 686 2417 multis
719 2371 809 2416 iam
842 2373 984 2417 stulte
1018 2373 1137 2418 hanc
1168 2371 1417 2417 utilitatem
1449 2369 1556 2417 mni
1582 2368 1892 2431 cupientibus,
1922 2372 2001 2432 qui
2028 2387 2196 2421 novam
2222 2374 2516 2436 largitionem

154 2450 389 2507 quaerunt
432 2443 585 2504 aliquo
627 2442 873 2504 plebiscito
916 2444 1262 2492 reddendorum
1302 2457 1529 2504 equorum
1538 2445 1586 2487 ⁴⁴.
1650 2442 1784 2503 Quae
1818 2441 2103 2492 Niebuhrius
2142 2446 2284 2494 Hisc-
2306 2447 2442 2495 Bem.
2474 2449 2514 2503 Ι,

154 2534 202 2582 p.
232 2514 331 2565 487
363 2515 437 2564 ed.
472 2521 578 2562 tert.
608 2514 802 2578 egregie
837 2514 1162 2563 animadvertit
1195 2515 1262 2563 ita
1291 2515 1381 2561 sub
1413 2528 1620 2578 persona
1650 2512 1859 2562 Africani
1890 2517 2120 2580 profem-i,
2167 2525 2220 2566 ut
2250 2534 2354 2578 res,
2395 2535 2514 2584 quae

152 2591 229 2635 hic
259 2605 288 2634 a
322 2588 562 2635 nonnullis
594 2587 766 2634 tentari
799 2586 983 2642 dieitur,
1014 2589 1171 2648 paullo
1197 2596 1307 2651 post
1338 2588 1461 2635 facta
1493 2603 1600 2632 esse
1633 2587 1787 2648 putari
1820 2586 2002 2647 debeat,
2035 2589 2084 2637 id
2114 2599 2191 2639 est
2221 2592 2379 2655 paullo
2405 2602 2532 2658 post>

157 2664 209 2709 C.
237 2661 572 2724 Sempronium
604 2666 656 2705 et
690 2660 763 2706 Μ’.
782 2659 1039 2721 Aquillium
1060 2660 1196 2708 Coss.
1232 2662 1294 2723 (a.
1326 2678 1370 2709 a.
1393 2661 1502 2707 Chr.
1536 2676 1583 2706 n.
1621 2659 1745 2721 129),
1779 2669 1827 2708 et
1859 2661 1960 2709 eins
1994 2665 2265 2713 mutationis
2298 2666 2514 2714 instantis

159 2865 217 2902 m)
242 2871 275 2891 v.
300 2871 374 2901 cap.
402 2859 442 2894 ll.
463 2861 489 2903 5.
513 2861 544 2894 2.
1325 2857 1336 2899 1
1375 2859 1437 2898 “’“)
1461 2868 1495 2890 V.
1517 2863 1585 2889 not.
1610 2859 1661 2891 21.
1686 2858 1727 2891 cs.
1748 2860 1771 2891 1.
1797 2859 1834 2891 Π.
1860 2870 1935 2904 cap.
1963 2864 2000 2903 1,
2023 2863 2051 2906 5.
2077 2865 2107 2897 4.
