2720 3402
166 148 269 202 2⁰

371 295 415 341 2.
467 295 616 342 Erant
648 295 769 342 enim
803 297 1120 344 Romanorum
1163 298 1213 344 in
1257 297 1511 359 provinciis
1546 297 1637 342 duo
1675 312 1871 356 genera,
1922 295 2117 341 alterum
2153 294 2401 353 nobilium,
2444 295 2523 355 qui

168 374 273 412 ante
308 368 431 413 bella
464 368 619 414 civilia
652 368 741 414 soli
774 369 823 416 in
859 371 1206 432 magistratibus
1242 378 1395 426 erant,
1439 370 1635 415 alterum
1668 367 1903 413 homiuum
1938 382 2106 413 census
2140 368 2396 427 equestris,
2446 382 2523 414 so-

168 440 342 483 ciorum
387 442 679 500 publicorum
713 443 1039 502 vectigalium,
1082 453 1327 501 utrumque
1360 456 1506 501 rapax
1548 447 1595 484 et
1628 455 1842 496 avarum,
1892 455 1978 484 suo
2013 440 2255 483 commodo
2300 439 2524 495 deditum,

168 509 434 571 despiciens
469 513 812 573 provinciales,
861 515 945 560 sed
980 514 1187 561 invidum
1221 522 1373 559 tamen
1405 513 1528 558 inter
1573 528 1624 558 se
1668 511 2009 572 diligenterque
2046 512 2325 567 observans,
2366 526 2441 556 ne·
2459 513 2527 557 al-

167 582 315 629 terius
349 582 532 646 injuriis
566 602 661 634 non
694 586 930 649 indigenis
966 615 1024 621 —
1060 604 1219 635 eorum
1261 586 1382 633 enim
1414 584 1550 648 pauci
1585 591 1633 631 et
1665 601 1724 631 ne
1759 584 1807 630 hi
1849 583 2036 645 quidem
2080 600 2269 645 semper
2300 583 2527 632 rationem

168 656 430 701 habuerunt
465 684 523 690 —
560 660 645 704 sed
679 661 930 705 alterorum
964 667 1171 706 utrorum
1206 659 1456 704 commodis
1492 657 1777 703 osficeretur.
1800 657 1858 715 99)
1922 656 2216 713 Accedebat,
2260 656 2384 716 quod
2415 671 2527 717 pro-

150 727 447 785 xim-ialibus
491 733 670 777 nullum
714 734 998 793 praesidium
1042 741 1141 778 erat
1175 740 1222 777 et
1255 738 1413 776 contra
1446 729 1743 791 publicanos,
1788 730 1879 774 nisi
1911 729 1959 774 in
1992 730 2273 790 proconsule
2306 735 2385 773 aut
2416 744 2528 790 pro-

169 809 403 860 praetore,
439 811 488 849 et
521 812 682 850 contra
713 804 1008 865 magistratus
1042 805 1299 859 RomanOS,
1333 803 1423 848 nisi
1456 802 1503 848 in
1536 801 1820 863 publicanis3
1865 802 2078 862 quodque
2112 809 2161 847 et
2191 801 2262 847 illi
2294 801 2528 848 interdum

167 872 353 932 iniquas
389 877 659 921 exactiones
694 893 910 922 coercere
945 879 1251 932 conabantur,
1286 883 1332 920 et
1365 876 1435 931 hi,
1480 874 1844 934 quotiescunque
1881 874 2123 935 praesides
2165 874 2529 936 repetundarum

170 956 515 1003 accusarentur,
549 949 825 994 testimoniis
860 950 956 994 suis
991 957 1171 994 actores
1207 965 1397 994 caussae
1430 948 1662 992 iuvabant.
1727 947 1887 991 Veluti
1920 947 2095 1001 Asiam,
2134 963 2267 1005 quae,
2302 962 2529 1006 oppressa

172 1018 354 1072 fenore,
391 1021 582 1066 avaritia
616 1027 663 1065 et
696 1020 968 1066 crudelitate
1004 1021 1356 1081 publicanorum
1386 1035 1534 1081 paene
1569 1018 1742 1064 afflicta
1773 1017 1864 1063 iam
1892 1024 2028 1078 atque
2056 1035 2235 1075 eversa,
2269 1017 2529 1063 Mithridati

172 1098 272 1137 tota
315 1108 366 1137 se
400 1093 613 1148 dederat,
644 1094 720 1153 ¹⁰⁰)
764 1093 893 1138 finito
928 1094 1053 1138 bello
1087 1094 1253 1139 fenore
1288 1091 1609 1152 circumstipto
1653 1092 1812 1137 levare
1856 1098 1903 1137 et
1936 1093 1991 1137 ab
2025 1091 2294 1138 imminente
2337 1090 2529 1138 interitu

174 1180 396 1209 revocare
424 1180 562 1210 ausus
589 1171 661 1211 est
678 1165 920 1210 Lucullus.
943 1165 1021 1225 ¹⁰¹)
1072 1166 1263 1227 Quippe
1293 1166 1414 1211 filios
1446 1180 1556 1210 suos
1582 1165 1795 1224 filiasque
1822 1165 2029 1225 virgines
2057 1167 2142 1210 sub
2169 1180 2340 1209 corona
2365 1163 2528 1209 venire

175 1235 401 1291 viderant,
436 1236 536 1296 rapi
565 1253 590 1281 e
618 1237 806 1297 templis
834 1237 1039 1293 donaria,
1075 1238 1296 1298 picturas,
1332 1237 1577 1281 simulacra
1603 1237 1810 1291 deorum,
1845 1236 1903 1281 ad
1936 1243 2195 1281 extremum
2229 1236 2400 1281 addicti
2428 1252 2529 1281 cre·

173 1308 413 1364 ditoribus,
448 1309 539 1369 ipsi
574 1310 620 1355 in
657 1309 930 1355 servitutem
966 1310 1091 1355 ducti
1120 1317 1266 1355 erant.
1316 1310 1391 1354 Ad
1418 1310 1533 1354 haec
1561 1309 1712 1354 onmia
1739 1324 1910 1369 genera
1937 1308 2219 1354 cruciatuum
2247 1323 2299 1353 ac
2324 1316 2530 1354 tormen-

172 1386 338 1435 torum,
372 1389 424 1426 ut
451 1383 527 1426 vel
564 1382 770 1427 servitus
804 1384 1015 1427 levamen
1048 1383 1273 1427 malorum
1301 1383 1565 1426 haberetur.
1616 1383 1734 1426 Tam
1762 1382 1958 1441 perditis
1992 1383 2132 1425 rebus
2166 1397 2304 1440 quum
2339 1388 2386 1425 et
2419 1397 2529 1425 con-

169 1451 331 1498 stituto
367 1454 503 1499 modo
538 1454 716 1500 fenoris
751 1461 798 1499 et
831 1455 1009 1500 sublata
1042 1462 1174 1515 parte
1208 1469 1452 1501 usurarum
1480 1459 1692 1499 veterum
1721 1453 2032 1509 subvenisset,
2066 1452 2260 1498 Romam
2287 1469 2531 1499 reversum

172 1525 408 1585 publicani
436 1532 482 1572 et
509 1525 600 1587 ipsi
628 1526 875 1573 Lucullum
902 1526 1184 1572 infamabant
1211 1534 1258 1573 et
1289 1526 1500 1577 homines
1534 1525 1756 1586 quosdam
1783 1526 2035 1588 populares
2062 1524 2259 1588 pecunia
2286 1532 2530 1588 corruptos

172 1606 333 1643 contra
366 1600 495 1644 illum
530 1599 795 1645 incitabant.
861 1601 957 1645 Per
990 1602 1260 1661 publicanos
1295 1601 1502 1659 aliosque
1539 1600 1587 1644 in
1619 1598 1781 1643 Africa
1813 1600 2104 1660 negotiantes
2148 1598 2415 1644 criminatus
2459 1605 2532 1645 est

173 1669 349 1715 Marius
377 1671 559 1717 Metelli
587 1669 925 1727 lentitudinem,
959 1672 1186 1717 trahentis
1214 1672 1305 1717 iam
1332 1671 1379 1717 in
1407 1671 1595 1716 tertium
1622 1687 1790 1717 annum
1820 1672 2006 1726 bellum,
2041 1677 2088 1716 et
2114 1672 2370 1716 naturalem
2396 1670 2529 1725 nobi-

174 1742 319 1790 litatis
352 1746 633 1805 superbiam.
658 1744 737 1804 162)
788 1742 934 1787 Iidem
965 1752 1111 1790 testes
1140 1745 1420 1790 exstiterunt
1447 1751 1604 1788 contra
1628 1743 1871 1789 Catilinam
1899 1744 2258 1804 repetundarum
2286 1759 2347 1789 ex
2367 1745 2560 1790 Africa*
2624 1762 2629 1765 ·

176 1817 475 1875 postulatum,
510 1817 792 1875 eosdemque
819 1815 1064 1866 Gabinius,
1099 1832 1235 1876 quum
1272 1832 1311 1861 a.
1338 1816 1401 1860 54
1425 1816 1788 1876 repetundarum
1823 1816 2415 1899 accusareti’acerrimos
2449 1817 2530 1863 ad—

178 1889 412 1933 versarios
444 1889 617 1933 habuit.
641 1889 719 1949 ¹⁰³)
769 1890 903 1933 Haec
937 1895 983 1933 et
1016 1888 1104 1933 alia
1139 1889 1240 1934 eius
1273 1888 1457 1950 generis
1492 1889 1706 1948 exempla
1740 1888 1797 1933 ad
1831 1888 1947 1933 hanc
1980 1888 2179 1949 quidem,
2215 1889 2272 1934 de
2307 1904 2395 1949 qua
2429 1905 2530 1951 ago,

175 1968 373 2004 aetatem
401 1976 492 2004 non
521 1962 772 2020 pertinent,
808 1962 889 2004 sed
917 1969 1068 2005 tamen
1099 1961 1344 2005 simultatis
1371 1961 1494 2004 inter
1519 1960 1698 2019 equites
1725 1960 1996 2020 nobilesque
2024 1960 2366 2021 provinciarum
2392 1976 2530 2021 prae-

175 2031 298 2076 sides
333 2048 542 2077 caussam
577 2033 692 2077 satis
727 2034 975 2077 declarant.
1043 2033 1204 2091 ltaque
1242 2034 1503 2093 praesidem
1537 2032 1602 2076 ita
1635 2032 1838 2087 versari,
1889 2041 1938 2078 ut
1971 2041 2018 2077 et
2050 2032 2309 2093 publicanis
2344 2034 2530 2079 satissa-

175 2111 315 2158 ceret,
351 2104 624 2164 praesertim
654 2104 853 2165 publicis
882 2105 1000 2149 male
1028 2105 1264 2160 redemtis,
1293 2113 1339 2150 et
1367 2104 1518 2149 socios
1547 2104 1703 2164 perire
1731 2120 1824 2150 non
1851 2104 2041 2160 sineret,
2076 2105 2262 2151 divinae
2289 2106 2528 2152 cuiusdam

178 2191 298 2230 esse,
332 2184 382 2221 ut
414 2176 478 2222 ait
511 2176 687 2231 Cicero,
721 2176 908 2222 virtutis
942 2176 1200 2224 videbatur.
1266 2177 1359 2239 Qui
1393 2177 1433 2222 si
1468 2184 1569 2223 erat
1599 2177 1799 2223 infestus
1833 2177 2107 2238 publicanis,
2141 2192 2233 2224 non
2266 2180 2403 2225 modo
2437 2194 2528 2226 non

178 2363 223 2403 9⁹0)
248 2361 327 2393 Non
353 2374 577 2395 commemoro
601 2364 654 2396 hic.
677 2365 817 2396 Verrem
841 2367 978 2408 eiusque
1002 2366 1146 2405 similes,
1180 2366 1241 2397 sed
1266 2365 1308 2398 ad
1350 2366 1354 2408 Ι
1440 2365 1531 2404 δίκης
1565 2363 1650 2398 τινός
1682 2365 1828 2409 μετάσχῃ
1861 2363 1917 2397 καὶ
1948 2364 2098 2404 θεσμῶν,
2133 2360 2182 2398 ὦν
2204 2365 2258 2398 ἐπὶ
2285 2368 2388 2399 πολύν
2404 2369 2529 2411 χρόνον

220 2405 411 2436 universam
446 2406 650 2438 nobilitatem
682 2408 836 2449 pertinuit
865 2409 943 2440 illud
968 2409 1226 2451 repetundarum
1251 2410 1312 2440 cri·
1439 2409 1532 2447 ἐνδεῆ
1553 2408 1607 2447 τήν
1631 2409 1792 2451 ἐπαρχίαν
1824 2403 1925 2439 οὖσαν
1955 2395 2092 2449 ἄῤῥητοι
2121 2410 2177 2440 καὶ
2205 2409 2335 2442 ἄπιστοι
2365 2411 2535 2453 δυστυχίαι

219 2458 295 2479 men
321 2448 363 2479 cf.
391 2447 507 2480 Drum.
533 2451 573 2489 3,
596 2451 648 2483 86.
672 2452 723 2484 89.
748 2449 858 2482 Etiam
882 2452 1002 2484 Cicero
1028 2453 1190 2495 Appium,
1214 2463 1312 2494 quem
1439 2454 1602 2491 κατεῖχον,
1628 2450 1691 2482 ὑπὸ
1714 2452 1776 2482 τῶν
1797 2452 1940 2483 τελωνῶν
1954 2452 2090 2484 καὶτῶν
2105 2453 2283 2484 δανειστῶν
2300 2457 2531 2498 πορθουμένην

216 2491 329 2522 multis
365 2491 450 2523 locis
486 2497 626 2524 testatur
660 2498 763 2525 totam
795 2493 866 2524 fere
895 2496 1103 2535 provinciam
1135 2490 1311 2532 evertisse,
1438 2494 1493 2525 καὶ
1526 2494 1861 2536 (ἱνύζιαπούὶζομὲνην,
1892 2497 2088 2534 πιπράσκειν
2116 2496 2189 2537 ἰδίᾳ
2219 2496 2283 2536 μὲν
2303 2497 2391 2530 υἱούς
2413 2498 2528 2539 erinpe-

216 2543 317 2576 quum
342 2534 370 2566 is
395 2544 416 2567 a.
439 2533 621 2568 Dolabella
643 2541 876 2576 accusaretur,
899 2547 966 2579 ope
989 2548 1049 2570 sua
1071 2537 1211 2577 adiuvit,
1236 2537 1313 2580 quia
1439 2536 1527 2575 πιῐς,
1563 2536 1749 2580 θυγατέρας
1783 2548 1814 2568 τε
1846 2538 2039 2582 παρθένονς,
2080 2537 2223 2583 δημοσίᾳ
2257 2537 2293 2570 ‹5’
2323 2539 2528 2583 ἀναθήματα,

214 2578 288 2618 ipse
321 2577 366 2609 illi
398 2588 466 2609 non
492 2579 642 2610 inimicus
665 2585 747 2611 erat.
794 2580 857 2612 Jus
882 2586 991 2611 autem
1014 2582 1120 2621 ipsum
1145 2588 1178 2612 et
1201 2583 1312 2612 imme·
1439 2579 1582 2622 γραφεὶς,
1607 2581 1713 2622 ὶερούς
1728 2581 1924 2622 ἀνδριάντας
1941 2583 2232 2623 ἀναγκαζομένων·
2257 2583 2365 2616 αὐτοῖς
2389 2595 2419 2613 τε
2442 2585 2529 2617 τέλος

215 2620 279 2652 rita
311 2620 511 2662 provinciae
543 2621 715 2653 calamitas
746 2632 789 2653 ne
818 2622 864 2653 ita
887 2621 1020 2663 quidem
1048 2622 1241 2655 Ciceronem
1266 2629 1311 2655 te·
1439 2625 1503 2666 μέν
1523 2619 1564 2662 ἤν
1586 2623 1784 2666 προσθέτοις
1806 2624 1997 2666 γενομένοις
2021 2624 2192 2655 δουλεύειν.
2215 2635 2243 2655 κ.
2267 2635 2293 2656 τ.
2314 2625 2343 2658 λ.
2378 2623 2431 2656 De
2455 2636 2529 2668 pro-

217 2663 332 2705 tigisse
355 2663 535 2703 videntur,
568 2669 602 2696 ut
625 2665 694 2697 eius
718 2666 765 2697 rei
796 2666 998 2697 mentionem
1029 2665 1214 2699 faciendam
1238 2677 1313 2699 esse
1439 2666 1626 2697 vinciarum
1658 2664 1849 2698 calamitate
1873 2666 1915 2698 cf.
1939 2665 2142 2710 Hegewisch
2171 2659 2265 2699 Uber
2294 2667 2326 2699 d.
2357 2668 2454 2701 Rom.
2479 2668 2530 2701 Fi·

215 2713 355 2748 putaret.
383 2706 424 2738 cf.
450 2707 570 2739 cicero
594 2707 639 2740 ad
662 2709 728 2739 Ant.
751 2710 788 2747 6,
819 2711 858 2747 2,
881 2709 934 2742 20.
961 2709 1064 2741 Caelii
1089 2721 1142 2752 ep.
1166 2710 1210 2743 ad
1233 2710 1310 2743 sam.
1439 2718 1536 2740 nanz.
1572 2718 1600 2739 c.
1628 2706 1696 2739 vn.

215 2751 253 2786 8,
278 2752 306 2780 7.
331 2756 363 2780 et
386 2760 588 2791 responsum
612 2750 654 2781 ib.
680 2752 720 2788 2,
746 2753 794 2784 13.
1344 2742 1355 2954 Ι
1398 2772 1456 2813 ¹02)
1481 2770 1602 2802 venei·
1627 2770 1666 2811 2,
1694 2770 1752 2811 ll,
1774 2770 1805 2803 ,2-

174 2813 232 2854 ¹⁰⁰)
258 2811 346 2845 Plut'
371 2813 499 2846 Lucun'
527 2813 556 2845 7·
1397 2838 1455 2876 ¹⁰³)
1479 2835 1533 2866 De
1547 2835 1687 2866 Catilina
1710 2847 1741 2867 v.
1755 2837 1880 2867 Ascon.
1905 2835 1949 2867 ad
1972 2847 2021 2867 or.
2045 2836 2077 2868 in
2102 2842 2169 2877 tog.
2194 2835 2290 2867 caud.
2315 2846 2346 2878 p.
2371 2835 2423 2867 86.
2458 2833 2533 2876 012,

177 2878 233 2917 ¹0¹)
259 2876 301 2908 id.
334 2888 361 2908 c.
387 2876 438 2910 20.
484 2878 686 2912 Λούκουλλος
716 2877 753 2910 δὲ
785 2880 932 2922 τρέπεται
962 2878 1043 2922 πρὸς
1073 2879 1126 2914 τὰς
1160 2882 1195 2912 ἐν
1220 2880 1307 2923 Ἀσίᾳ

215 2922 330 2958 πόλεις,
354 2920 449 2959 ὅπως,
475 2924 535 2953 τῶν
551 2923 737 2963 πολεμικῶν
753 2924 863 2965 ἔργων
884 2923 1098 2963 σχολάζοντος
1119 2924 1225 2961 αὐτοῦ,
1250 2926 1307 2955 καὶ

1435 2878 1477 2910 de
1502 2878 1644 2911 Gabinio
1669 2878 1841 2911 Drumann
1866 2879 1990 2912 Gesch.
2016 2879 2120 2912 Roms
2144 2879 2175 2919 3,
2199 2890 2231 2922 p.
2258 2878 2310 2910 53.
2336 2890 2408 2922 sqq.

1395 2923 1452 2962 ¹0⁴)
1477 2922 1598 2954 Cicero
1622 2923 1665 2954 ad
1687 2924 1755 2954 Aa.
1781 2923 1821 2961 5,
1844 2921 1896 2953 21.
